%YAML 1.1
%TAG !u! tag:unity3d.com,2011:
--- !u!1 &218689549623046196
GameObject:
  m_ObjectHideFlags: 0
  m_CorrespondingSourceObject: {fileID: 0}
  m_PrefabInstance: {fileID: 0}
  m_PrefabAsset: {fileID: 0}
  serializedVersion: 6
  m_Component:
  - component: {fileID: 6348771060811804903}
  m_Layer: 0
  m_Name: hornA_01_r
  m_TagString: Untagged
  m_Icon: {fileID: 0}
  m_NavMeshLayer: 0
  m_StaticEditorFlags: 0
  m_IsActive: 1
--- !u!4 &6348771060811804903
Transform:
  m_ObjectHideFlags: 0
  m_CorrespondingSourceObject: {fileID: 0}
  m_PrefabInstance: {fileID: 0}
  m_PrefabAsset: {fileID: 0}
  m_GameObject: {fileID: 218689549623046196}
  m_LocalRotation: {x: 0.20964532, y: -0.0013932837, z: 0.97775495, w: -0.0064980704}
  m_LocalPosition: {x: -0.12041652, y: 0.0049800063, z: 0.08191209}
  m_LocalScale: {x: 1, y: 1, z: 1}
  m_Children:
  - {fileID: 6589402894767376324}
  m_Father: {fileID: 3268179175986090156}
  m_RootOrder: 3
  m_LocalEulerAnglesHint: {x: 0, y: 0, z: 0}
--- !u!1 &260291597767818932
GameObject:
  m_ObjectHideFlags: 0
  m_CorrespondingSourceObject: {fileID: 0}
  m_PrefabInstance: {fileID: 0}
  m_PrefabAsset: {fileID: 0}
  serializedVersion: 6
  m_Component:
  - component: {fileID: 3268179175986090156}
  m_Layer: 0
  m_Name: head
  m_TagString: Untagged
  m_Icon: {fileID: 0}
  m_NavMeshLayer: 0
  m_StaticEditorFlags: 0
  m_IsActive: 1
--- !u!4 &3268179175986090156
Transform:
  m_ObjectHideFlags: 0
  m_CorrespondingSourceObject: {fileID: 0}
  m_PrefabInstance: {fileID: 0}
  m_PrefabAsset: {fileID: 0}
  m_GameObject: {fileID: 260291597767818932}
  m_LocalRotation: {x: 0, y: 0, z: -0.0670836, w: 0.99774736}
  m_LocalPosition: {x: -0.30618182, y: -6.0396133e-16, z: 8.413475e-17}
  m_LocalScale: {x: 1, y: 1, z: 1}
  m_Children:
  - {fileID: 6376958755797739224}
  - {fileID: 4718044707615952325}
  - {fileID: 6469889539294937477}
  - {fileID: 6348771060811804903}
  - {fileID: 7358099532874090612}
  - {fileID: 308007652137363184}
  - {fileID: 5769143620326779332}
  - {fileID: 1335598492061885101}
  - {fileID: 5626358084598679945}
  m_Father: {fileID: 1056019769375277496}
  m_RootOrder: 0
  m_LocalEulerAnglesHint: {x: 0, y: 0, z: 0}
--- !u!1 &466436243035159124
GameObject:
  m_ObjectHideFlags: 0
  m_CorrespondingSourceObject: {fileID: 0}
  m_PrefabInstance: {fileID: 0}
  m_PrefabAsset: {fileID: 0}
  serializedVersion: 6
  m_Component:
  - component: {fileID: 7259951570816112996}
  m_Layer: 0
  m_Name: hornB_03_l
  m_TagString: Untagged
  m_Icon: {fileID: 0}
  m_NavMeshLayer: 0
  m_StaticEditorFlags: 0
  m_IsActive: 1
--- !u!4 &7259951570816112996
Transform:
  m_ObjectHideFlags: 0
  m_CorrespondingSourceObject: {fileID: 0}
  m_PrefabInstance: {fileID: 0}
  m_PrefabAsset: {fileID: 0}
  m_GameObject: {fileID: 466436243035159124}
  m_LocalRotation: {x: 2.3129124e-18, y: -0.7257409, z: -2.3129124e-18, w: 0.6879682}
  m_LocalPosition: {x: -0.2914453, y: 8.946976e-13, z: -2.131628e-15}
  m_LocalScale: {x: 1, y: 1, z: 1}
  m_Children: []
  m_Father: {fileID: 8304436312811439127}
  m_RootOrder: 0
  m_LocalEulerAnglesHint: {x: 0, y: 0, z: 0}
--- !u!1 &478680302057122217
GameObject:
  m_ObjectHideFlags: 0
  m_CorrespondingSourceObject: {fileID: 0}
  m_PrefabInstance: {fileID: 0}
  m_PrefabAsset: {fileID: 0}
  serializedVersion: 6
  m_Component:
  - component: {fileID: 1947342804384670195}
  m_Layer: 0
  m_Name: tail_02
  m_TagString: Untagged
  m_Icon: {fileID: 0}
  m_NavMeshLayer: 0
  m_StaticEditorFlags: 0
  m_IsActive: 1
--- !u!4 &1947342804384670195
Transform:
  m_ObjectHideFlags: 0
  m_CorrespondingSourceObject: {fileID: 0}
  m_PrefabInstance: {fileID: 0}
  m_PrefabAsset: {fileID: 0}
  m_GameObject: {fileID: 478680302057122217}
  m_LocalRotation: {x: 0, y: 0, z: -0.09367575, w: 0.9956028}
  m_LocalPosition: {x: -0.28033707, y: 4.973799e-16, z: -9.895423e-17}
  m_LocalScale: {x: 1, y: 1, z: 1}
  m_Children:
  - {fileID: 7490573258843438314}
  m_Father: {fileID: 2672508907555956542}
  m_RootOrder: 0
  m_LocalEulerAnglesHint: {x: 0, y: 0, z: 0}
--- !u!1 &730301146619896310
GameObject:
  m_ObjectHideFlags: 0
  m_CorrespondingSourceObject: {fileID: 0}
  m_PrefabInstance: {fileID: 0}
  m_PrefabAsset: {fileID: 0}
  serializedVersion: 6
  m_Component:
  - component: {fileID: 1094945075930656114}
  m_Layer: 0
  m_Name: root
  m_TagString: Untagged
  m_Icon: {fileID: 0}
  m_NavMeshLayer: 0
  m_StaticEditorFlags: 0
  m_IsActive: 1
--- !u!4 &1094945075930656114
Transform:
  m_ObjectHideFlags: 0
  m_CorrespondingSourceObject: {fileID: 0}
  m_PrefabInstance: {fileID: 0}
  m_PrefabAsset: {fileID: 0}
  m_GameObject: {fileID: 730301146619896310}
  m_LocalRotation: {x: -0.7071068, y: 0, z: -0, w: 0.7071068}
  m_LocalPosition: {x: 0, y: 0, z: 0}
  m_LocalScale: {x: 1, y: 1, z: 1}
  m_Children:
  - {fileID: 3222073263537053119}
  m_Father: {fileID: 3830888717151266534}
  m_RootOrder: 0
  m_LocalEulerAnglesHint: {x: 0, y: 0, z: 0}
--- !u!1 &760889701404460862
GameObject:
  m_ObjectHideFlags: 0
  m_CorrespondingSourceObject: {fileID: 0}
  m_PrefabInstance: {fileID: 0}
  m_PrefabAsset: {fileID: 0}
  serializedVersion: 6
  m_Component:
  - component: {fileID: 2635281173082594652}
  m_Layer: 0
  m_Name: upperJaw_r
  m_TagString: Untagged
  m_Icon: {fileID: 0}
  m_NavMeshLayer: 0
  m_StaticEditorFlags: 0
  m_IsActive: 1
--- !u!4 &2635281173082594652
Transform:
  m_ObjectHideFlags: 0
  m_CorrespondingSourceObject: {fileID: 0}
  m_PrefabInstance: {fileID: 0}
  m_PrefabAsset: {fileID: 0}
  m_GameObject: {fileID: 760889701404460862}
  m_LocalRotation: {x: 0.70580983, y: -0.0022091598, z: 0.0003184791, w: 0.7083978}
  m_LocalPosition: {x: 0.24130988, y: 0.13323241, z: -0.0005894659}
  m_LocalScale: {x: 1, y: 1, z: 1}
  m_Children: []
  m_Father: {fileID: 7909532746417819961}
  m_RootOrder: 3
  m_LocalEulerAnglesHint: {x: 0, y: 0, z: 0}
--- !u!1 &798713006351612999
GameObject:
  m_ObjectHideFlags: 0
  m_CorrespondingSourceObject: {fileID: 0}
  m_PrefabInstance: {fileID: 0}
  m_PrefabAsset: {fileID: 0}
  serializedVersion: 6
  m_Component:
  - component: {fileID: 5810790628097928485}
  - component: {fileID: 296653307575368559}
  m_Layer: 0
  m_Name: Nose13
  m_TagString: Untagged
  m_Icon: {fileID: 0}
  m_NavMeshLayer: 0
  m_StaticEditorFlags: 0
  m_IsActive: 1
--- !u!4 &5810790628097928485
Transform:
  m_ObjectHideFlags: 0
  m_CorrespondingSourceObject: {fileID: 0}
  m_PrefabInstance: {fileID: 0}
  m_PrefabAsset: {fileID: 0}
  m_GameObject: {fileID: 798713006351612999}
  m_LocalRotation: {x: 0, y: -0, z: -0, w: 1}
  m_LocalPosition: {x: -0, y: 0, z: 0}
  m_LocalScale: {x: 1, y: 1, z: 1}
  m_Children: []
  m_Father: {fileID: 6876981213659720275}
  m_RootOrder: 0
  m_LocalEulerAnglesHint: {x: 0, y: 0, z: 0}
--- !u!137 &296653307575368559
SkinnedMeshRenderer:
  m_ObjectHideFlags: 0
  m_CorrespondingSourceObject: {fileID: 0}
  m_PrefabInstance: {fileID: 0}
  m_PrefabAsset: {fileID: 0}
  m_GameObject: {fileID: 798713006351612999}
  m_Enabled: 1
  m_CastShadows: 1
  m_ReceiveShadows: 1
  m_DynamicOccludee: 1
  m_MotionVectors: 1
  m_LightProbeUsage: 1
  m_ReflectionProbeUsage: 1
  m_RayTracingMode: 0
  m_RayTraceProcedural: 0
  m_RenderingLayerMask: 1
  m_RendererPriority: 0
  m_Materials:
  - {fileID: 2100000, guid: f5fb83cc0815eec429d8e3c27094e525, type: 2}
  m_StaticBatchInfo:
    firstSubMesh: 0
    subMeshCount: 0
  m_StaticBatchRoot: {fileID: 0}
  m_ProbeAnchor: {fileID: 0}
  m_LightProbeVolumeOverride: {fileID: 0}
  m_ScaleInLightmap: 1
  m_ReceiveGI: 1
  m_PreserveUVs: 0
  m_IgnoreNormalsForChartDetection: 0
  m_ImportantGI: 0
  m_StitchLightmapSeams: 1
  m_SelectedEditorRenderState: 3
  m_MinimumChartSize: 4
  m_AutoUVMaxDistance: 0.5
  m_AutoUVMaxAngle: 89
  m_LightmapParameters: {fileID: 0}
  m_SortingLayerID: 0
  m_SortingLayer: 0
  m_SortingOrder: 0
  serializedVersion: 2
  m_Quality: 0
  m_UpdateWhenOffscreen: 0
  m_SkinnedMotionVectors: 1
  m_Mesh: {fileID: 2180498484036462287, guid: 7e6fcf30eabcaec43bb46e1d611f9df5, type: 3}
  m_Bones:
  - {fileID: 1094945075930656114}
  - {fileID: 3222073263537053119}
  - {fileID: 3116364760658975637}
  - {fileID: 2479325606288910159}
  - {fileID: 7552019263101469472}
  - {fileID: 1056019769375277496}
  - {fileID: 3268179175986090156}
  - {fileID: 6376958755797739224}
  - {fileID: 4050662810483998852}
  - {fileID: 5626358084598679945}
  - {fileID: 4718044707615952325}
  - {fileID: 1535732277813666424}
  - {fileID: 6469889539294937477}
  - {fileID: 483251030107688235}
  - {fileID: 7358099532874090612}
  - {fileID: 8304436312811439127}
  - {fileID: 7259951570816112996}
  - {fileID: 5769143620326779332}
  - {fileID: 5237680656366014599}
  - {fileID: 6348771060811804903}
  - {fileID: 6589402894767376324}
  - {fileID: 1335598492061885101}
  - {fileID: 5387552230135320583}
  - {fileID: 308007652137363184}
  - {fileID: 3298521558768724349}
  - {fileID: 7875827778797451805}
  - {fileID: 4086365792485750458}
  - {fileID: 1576282656226459795}
  - {fileID: 2978794693681781908}
  - {fileID: 2052913860401462827}
  - {fileID: 8688547499917678767}
  - {fileID: 8350355314915564920}
  - {fileID: 1542680159098429653}
  - {fileID: 2552928961572783323}
  - {fileID: 7891002057463298052}
  - {fileID: 7103188135263842047}
  - {fileID: 7386127377197022552}
  - {fileID: 7909532746417819961}
  - {fileID: 3252265619256661399}
  - {fileID: 6097331550469517208}
  - {fileID: 2635281173082594652}
  - {fileID: 4503366677419779188}
  - {fileID: 8624911758730639068}
  - {fileID: 1933013900733923700}
  - {fileID: 6320552346462875629}
  - {fileID: 872597634711231593}
  - {fileID: 3718332619743912099}
  - {fileID: 2672508907555956542}
  - {fileID: 1947342804384670195}
  - {fileID: 7490573258843438314}
  - {fileID: 3824826546870274501}
  - {fileID: 689793790198034577}
  - {fileID: 39504357936037218}
  - {fileID: 8464106017061610319}
  - {fileID: 4629423150003304030}
  m_BlendShapeWeights: []
  m_RootBone: {fileID: 1094945075930656114}
  m_AABB:
    m_Center: {x: 0, y: -0.2739394, z: 1.2764723}
    m_Extent: {x: 0.098035, y: 0.080112934, z: 0.11038482}
  m_DirtyAABB: 0
--- !u!1 &851164480815846866
GameObject:
  m_ObjectHideFlags: 0
  m_CorrespondingSourceObject: {fileID: 0}
  m_PrefabInstance: {fileID: 0}
  m_PrefabAsset: {fileID: 0}
  serializedVersion: 6
  m_Component:
  - component: {fileID: 4503366677419779188}
  m_Layer: 0
  m_Name: LowerJaw_r
  m_TagString: Untagged
  m_Icon: {fileID: 0}
  m_NavMeshLayer: 0
  m_StaticEditorFlags: 0
  m_IsActive: 1
--- !u!4 &4503366677419779188
Transform:
  m_ObjectHideFlags: 0
  m_CorrespondingSourceObject: {fileID: 0}
  m_PrefabInstance: {fileID: 0}
  m_PrefabAsset: {fileID: 0}
  m_GameObject: {fileID: 851164480815846866}
  m_LocalRotation: {x: 0.70580983, y: -0.0022091598, z: 0.0003184791, w: 0.7083978}
  m_LocalPosition: {x: 0.27836862, y: -0.14700456, z: 0.0005698343}
  m_LocalScale: {x: 1, y: 1, z: 1}
  m_Children: []
  m_Father: {fileID: 7909532746417819961}
  m_RootOrder: 1
  m_LocalEulerAnglesHint: {x: 0, y: 0, z: 0}
--- !u!1 &916196111418818479
GameObject:
  m_ObjectHideFlags: 0
  m_CorrespondingSourceObject: {fileID: 0}
  m_PrefabInstance: {fileID: 0}
  m_PrefabAsset: {fileID: 0}
  serializedVersion: 6
  m_Component:
  - component: {fileID: 3116364760658975637}
  m_Layer: 0
  m_Name: spine_01
  m_TagString: Untagged
  m_Icon: {fileID: 0}
  m_NavMeshLayer: 0
  m_StaticEditorFlags: 0
  m_IsActive: 1
--- !u!4 &3116364760658975637
Transform:
  m_ObjectHideFlags: 0
  m_CorrespondingSourceObject: {fileID: 0}
  m_PrefabInstance: {fileID: 0}
  m_PrefabAsset: {fileID: 0}
  m_GameObject: {fileID: 916196111418818479}
  m_LocalRotation: {x: 2.2397977e-18, y: 5.568265e-17, z: -0.10232073, w: 0.99475145}
  m_LocalPosition: {x: -0.14028804, y: 0.0061973166, z: 2.2516412e-17}
  m_LocalScale: {x: 1, y: 1, z: 1}
  m_Children:
  - {fileID: 8624911758730639068}
  - {fileID: 2479325606288910159}
  m_Father: {fileID: 3222073263537053119}
  m_RootOrder: 0
  m_LocalEulerAnglesHint: {x: 0, y: 0, z: 0}
--- !u!1 &930991020839056209
GameObject:
  m_ObjectHideFlags: 0
  m_CorrespondingSourceObject: {fileID: 0}
  m_PrefabInstance: {fileID: 0}
  m_PrefabAsset: {fileID: 0}
  serializedVersion: 6
  m_Component:
  - component: {fileID: 4629423150003304030}
  m_Layer: 0
  m_Name: ball_r
  m_TagString: Untagged
  m_Icon: {fileID: 0}
  m_NavMeshLayer: 0
  m_StaticEditorFlags: 0
  m_IsActive: 1
--- !u!4 &4629423150003304030
Transform:
  m_ObjectHideFlags: 0
  m_CorrespondingSourceObject: {fileID: 0}
  m_PrefabInstance: {fileID: 0}
  m_PrefabAsset: {fileID: 0}
  m_GameObject: {fileID: 930991020839056209}
  m_LocalRotation: {x: -0.018653171, y: -0.018653171, z: 0.7068607, w: 0.7068607}
  m_LocalPosition: {x: -0.018659646, y: 0.0832196, z: -0.0010736184}
  m_LocalScale: {x: 1, y: 1, z: 1}
  m_Children: []
  m_Father: {fileID: 8464106017061610319}
  m_RootOrder: 0
  m_LocalEulerAnglesHint: {x: 0, y: 0, z: 0}
--- !u!1 &1060128626765265987
GameObject:
  m_ObjectHideFlags: 0
  m_CorrespondingSourceObject: {fileID: 0}
  m_PrefabInstance: {fileID: 0}
  m_PrefabAsset: {fileID: 0}
  serializedVersion: 6
  m_Component:
  - component: {fileID: 8304436312811439127}
  m_Layer: 0
  m_Name: hornB_02_l
  m_TagString: Untagged
  m_Icon: {fileID: 0}
  m_NavMeshLayer: 0
  m_StaticEditorFlags: 0
  m_IsActive: 1
--- !u!4 &8304436312811439127
Transform:
  m_ObjectHideFlags: 0
  m_CorrespondingSourceObject: {fileID: 0}
  m_PrefabInstance: {fileID: 0}
  m_PrefabAsset: {fileID: 0}
  m_GameObject: {fileID: 1060128626765265987}
  m_LocalRotation: {x: 0, y: 0.43467525, z: -0, w: 0.9005873}
  m_LocalPosition: {x: -0.21829395, y: -7.105427e-17, z: 1.4210854e-15}
  m_LocalScale: {x: 1, y: 1, z: 1}
  m_Children:
  - {fileID: 7259951570816112996}
  m_Father: {fileID: 7358099532874090612}
  m_RootOrder: 0
  m_LocalEulerAnglesHint: {x: 0, y: 0, z: 0}
--- !u!1 &1214470301341020222
GameObject:
  m_ObjectHideFlags: 0
  m_CorrespondingSourceObject: {fileID: 0}
  m_PrefabInstance: {fileID: 0}
  m_PrefabAsset: {fileID: 0}
  serializedVersion: 6
  m_Component:
  - component: {fileID: 7386127377197022552}
  m_Layer: 0
  m_Name: lowerarm_r
  m_TagString: Untagged
  m_Icon: {fileID: 0}
  m_NavMeshLayer: 0
  m_StaticEditorFlags: 0
  m_IsActive: 1
--- !u!4 &7386127377197022552
Transform:
  m_ObjectHideFlags: 0
  m_CorrespondingSourceObject: {fileID: 0}
  m_PrefabInstance: {fileID: 0}
  m_PrefabAsset: {fileID: 0}
  m_GameObject: {fileID: 1214470301341020222}
  m_LocalRotation: {x: 1.00992795e-29, y: 2.648741e-28, z: 0.03987671, w: 0.99920464}
  m_LocalPosition: {x: 0.35891908, y: 1.5543122e-17, z: 1.4210854e-16}
  m_LocalScale: {x: 1, y: 1, z: 1}
  m_Children:
  - {fileID: 7909532746417819961}
  m_Father: {fileID: 7103188135263842047}
  m_RootOrder: 0
  m_LocalEulerAnglesHint: {x: 0, y: 0, z: 0}
--- !u!1 &1277577085809998983
GameObject:
  m_ObjectHideFlags: 0
  m_CorrespondingSourceObject: {fileID: 0}
  m_PrefabInstance: {fileID: 0}
  m_PrefabAsset: {fileID: 0}
  serializedVersion: 6
  m_Component:
  - component: {fileID: 7552019263101469472}
  m_Layer: 0
  m_Name: spine_03
  m_TagString: Untagged
  m_Icon: {fileID: 0}
  m_NavMeshLayer: 0
  m_StaticEditorFlags: 0
  m_IsActive: 1
--- !u!4 &7552019263101469472
Transform:
  m_ObjectHideFlags: 0
  m_CorrespondingSourceObject: {fileID: 0}
  m_PrefabInstance: {fileID: 0}
  m_PrefabAsset: {fileID: 0}
  m_GameObject: {fileID: 1277577085809998983}
  m_LocalRotation: {x: -1.3548951e-16, y: 4.5886806e-17, z: -0.08148055, w: 0.99667495}
  m_LocalPosition: {x: -0.14891407, y: 1.2434498e-16, z: 4.8846454e-17}
  m_LocalScale: {x: 1, y: 1, z: 1}
  m_Children:
  - {fileID: 4086365792485750458}
  - {fileID: 7891002057463298052}
  - {fileID: 1056019769375277496}
  m_Father: {fileID: 2479325606288910159}
  m_RootOrder: 0
  m_LocalEulerAnglesHint: {x: 0, y: 0, z: 0}
--- !u!1 &1300109597038563556
GameObject:
  m_ObjectHideFlags: 0
  m_CorrespondingSourceObject: {fileID: 0}
  m_PrefabInstance: {fileID: 0}
  m_PrefabAsset: {fileID: 0}
  serializedVersion: 6
  m_Component:
  - component: {fileID: 2552928961572783323}
  m_Layer: 0
  m_Name: LowerJaw_l
  m_TagString: Untagged
  m_Icon: {fileID: 0}
  m_NavMeshLayer: 0
  m_StaticEditorFlags: 0
  m_IsActive: 1
--- !u!4 &2552928961572783323
Transform:
  m_ObjectHideFlags: 0
  m_CorrespondingSourceObject: {fileID: 0}
  m_PrefabInstance: {fileID: 0}
  m_PrefabAsset: {fileID: 0}
  m_GameObject: {fileID: 1300109597038563556}
  m_LocalRotation: {x: 0.70580983, y: -0.0022091598, z: 0.0003184791, w: 0.7083978}
  m_LocalPosition: {x: -0.27837098, y: 0.14700453, z: -0.00056984223}
  m_LocalScale: {x: 1, y: 1, z: 1}
  m_Children: []
  m_Father: {fileID: 2052913860401462827}
  m_RootOrder: 1
  m_LocalEulerAnglesHint: {x: 0, y: 0, z: 0}
--- !u!1 &1426630419298014167
GameObject:
  m_ObjectHideFlags: 0
  m_CorrespondingSourceObject: {fileID: 0}
  m_PrefabInstance: {fileID: 0}
  m_PrefabAsset: {fileID: 0}
  serializedVersion: 6
  m_Component:
  - component: {fileID: 6320552346462875629}
  m_Layer: 0
  m_Name: calf_l
  m_TagString: Untagged
  m_Icon: {fileID: 0}
  m_NavMeshLayer: 0
  m_StaticEditorFlags: 0
  m_IsActive: 1
--- !u!4 &6320552346462875629
Transform:
  m_ObjectHideFlags: 0
  m_CorrespondingSourceObject: {fileID: 0}
  m_PrefabInstance: {fileID: 0}
  m_PrefabAsset: {fileID: 0}
  m_GameObject: {fileID: 1426630419298014167}
  m_LocalRotation: {x: -0.05363183, y: 0.00061813387, z: 0.022184182, w: 0.99831414}
  m_LocalPosition: {x: 0.25370672, y: -0.010923628, z: 0.0016361566}
  m_LocalScale: {x: 1, y: 1, z: 1}
  m_Children:
  - {fileID: 872597634711231593}
  m_Father: {fileID: 1933013900733923700}
  m_RootOrder: 0
  m_LocalEulerAnglesHint: {x: 0, y: 0, z: 0}
--- !u!1 &1832639593254819951
GameObject:
  m_ObjectHideFlags: 0
  m_CorrespondingSourceObject: {fileID: 0}
  m_PrefabInstance: {fileID: 0}
  m_PrefabAsset: {fileID: 0}
  serializedVersion: 6
  m_Component:
  - component: {fileID: 5237680656366014599}
  m_Layer: 0
  m_Name: hornC_02_l
  m_TagString: Untagged
  m_Icon: {fileID: 0}
  m_NavMeshLayer: 0
  m_StaticEditorFlags: 0
  m_IsActive: 1
--- !u!4 &5237680656366014599
Transform:
  m_ObjectHideFlags: 0
  m_CorrespondingSourceObject: {fileID: 0}
  m_PrefabInstance: {fileID: 0}
  m_PrefabAsset: {fileID: 0}
  m_GameObject: {fileID: 1832639593254819951}
  m_LocalRotation: {x: 0, y: -0.28746313, z: -0, w: 0.95779175}
  m_LocalPosition: {x: -0.35610884, y: 2.8398991e-31, z: -1.4210854e-16}
  m_LocalScale: {x: 1, y: 1, z: 1}
  m_Children: []
  m_Father: {fileID: 5769143620326779332}
  m_RootOrder: 0
  m_LocalEulerAnglesHint: {x: 0, y: 0, z: 0}
--- !u!1 &2042772196559952194
GameObject:
  m_ObjectHideFlags: 0
  m_CorrespondingSourceObject: {fileID: 0}
  m_PrefabInstance: {fileID: 0}
  m_PrefabAsset: {fileID: 0}
  serializedVersion: 6
  m_Component:
  - component: {fileID: 3824826546870274501}
  m_Layer: 0
  m_Name: tail_04
  m_TagString: Untagged
  m_Icon: {fileID: 0}
  m_NavMeshLayer: 0
  m_StaticEditorFlags: 0
  m_IsActive: 1
--- !u!4 &3824826546870274501
Transform:
  m_ObjectHideFlags: 0
  m_CorrespondingSourceObject: {fileID: 0}
  m_PrefabInstance: {fileID: 0}
  m_PrefabAsset: {fileID: 0}
  m_GameObject: {fileID: 2042772196559952194}
  m_LocalRotation: {x: 0, y: 0, z: -0.06756819, w: 0.99771464}
  m_LocalPosition: {x: -0.30677703, y: 0.011362112, z: -3.952184e-17}
  m_LocalScale: {x: 1, y: 1, z: 1}
  m_Children: []
  m_Father: {fileID: 7490573258843438314}
  m_RootOrder: 0
  m_LocalEulerAnglesHint: {x: 0, y: 0, z: 0}
--- !u!1 &2275061159278025570
GameObject:
  m_ObjectHideFlags: 0
  m_CorrespondingSourceObject: {fileID: 0}
  m_PrefabInstance: {fileID: 0}
  m_PrefabAsset: {fileID: 0}
  serializedVersion: 6
  m_Component:
  - component: {fileID: 3222073263537053119}
  m_Layer: 0
  m_Name: pelvis
  m_TagString: Untagged
  m_Icon: {fileID: 0}
  m_NavMeshLayer: 0
  m_StaticEditorFlags: 0
  m_IsActive: 1
--- !u!4 &3222073263537053119
Transform:
  m_ObjectHideFlags: 0
  m_CorrespondingSourceObject: {fileID: 0}
  m_PrefabInstance: {fileID: 0}
  m_PrefabAsset: {fileID: 0}
  m_GameObject: {fileID: 2275061159278025570}
  m_LocalRotation: {x: 0.08801344, y: 0.7016079, z: 0.08801344, w: 0.7016079}
  m_LocalPosition: {x: -3.0999767e-32, y: -0.0007635658, z: 0.46243998}
  m_LocalScale: {x: 1, y: 1, z: 1}
  m_Children:
  - {fileID: 3116364760658975637}
  - {fileID: 2672508907555956542}
  - {fileID: 1933013900733923700}
  - {fileID: 689793790198034577}
  m_Father: {fileID: 1094945075930656114}
  m_RootOrder: 0
  m_LocalEulerAnglesHint: {x: 0, y: 0, z: 0}
--- !u!1 &2373992864831882376
GameObject:
  m_ObjectHideFlags: 0
  m_CorrespondingSourceObject: {fileID: 0}
  m_PrefabInstance: {fileID: 0}
  m_PrefabAsset: {fileID: 0}
  serializedVersion: 6
  m_Component:
  - component: {fileID: 483251030107688235}
  m_Layer: 0
  m_Name: hornA_02_l
  m_TagString: Untagged
  m_Icon: {fileID: 0}
  m_NavMeshLayer: 0
  m_StaticEditorFlags: 0
  m_IsActive: 1
--- !u!4 &483251030107688235
Transform:
  m_ObjectHideFlags: 0
  m_CorrespondingSourceObject: {fileID: 0}
  m_PrefabInstance: {fileID: 0}
  m_PrefabAsset: {fileID: 0}
  m_GameObject: {fileID: 2373992864831882376}
  m_LocalRotation: {x: 0, y: -0.5431475, z: -0, w: 0.8396373}
  m_LocalPosition: {x: -0.67569554, y: -2.8865798e-17, z: -5.684342e-16}
  m_LocalScale: {x: 1, y: 1, z: 1}
  m_Children: []
  m_Father: {fileID: 6469889539294937477}
  m_RootOrder: 0
  m_LocalEulerAnglesHint: {x: 0, y: 0, z: 0}
--- !u!1 &2447442160047714250
GameObject:
  m_ObjectHideFlags: 0
  m_CorrespondingSourceObject: {fileID: 0}
  m_PrefabInstance: {fileID: 0}
  m_PrefabAsset: {fileID: 0}
  serializedVersion: 6
  m_Component:
  - component: {fileID: 6469889539294937477}
  m_Layer: 0
  m_Name: hornA_01_l
  m_TagString: Untagged
  m_Icon: {fileID: 0}
  m_NavMeshLayer: 0
  m_StaticEditorFlags: 0
  m_IsActive: 1
--- !u!4 &6469889539294937477
Transform:
  m_ObjectHideFlags: 0
  m_CorrespondingSourceObject: {fileID: 0}
  m_PrefabInstance: {fileID: 0}
  m_PrefabAsset: {fileID: 0}
  m_GameObject: {fileID: 2447442160047714250}
  m_LocalRotation: {x: -0.0013932837, y: -0.20964532, z: 0.0064980704, w: 0.97775495}
  m_LocalPosition: {x: -0.120417975, y: 0.0049800063, z: -0.081912056}
  m_LocalScale: {x: 1, y: 1, z: 1}
  m_Children:
  - {fileID: 483251030107688235}
  m_Father: {fileID: 3268179175986090156}
  m_RootOrder: 2
  m_LocalEulerAnglesHint: {x: 0, y: 0, z: 0}
--- !u!1 &2463236626500800823
GameObject:
  m_ObjectHideFlags: 0
  m_CorrespondingSourceObject: {fileID: 0}
  m_PrefabInstance: {fileID: 0}
  m_PrefabAsset: {fileID: 0}
  serializedVersion: 6
  m_Component:
  - component: {fileID: 1933013900733923700}
  m_Layer: 0
  m_Name: thigh_l
  m_TagString: Untagged
  m_Icon: {fileID: 0}
  m_NavMeshLayer: 0
  m_StaticEditorFlags: 0
  m_IsActive: 1
--- !u!4 &1933013900733923700
Transform:
  m_ObjectHideFlags: 0
  m_CorrespondingSourceObject: {fileID: 0}
  m_PrefabInstance: {fileID: 0}
  m_PrefabAsset: {fileID: 0}
  m_GameObject: {fileID: 2463236626500800823}
  m_LocalRotation: {x: 0.07721848, y: 0.0319301, z: -0.13278173, w: 0.9876167}
  m_LocalPosition: {x: 0.022657402, y: -0.0018067064, z: -0.17085041}
  m_LocalScale: {x: 1, y: 1, z: 1}
  m_Children:
  - {fileID: 6320552346462875629}
  m_Father: {fileID: 3222073263537053119}
  m_RootOrder: 2
  m_LocalEulerAnglesHint: {x: 0, y: 0, z: 0}
--- !u!1 &2565673483191340896
GameObject:
  m_ObjectHideFlags: 0
  m_CorrespondingSourceObject: {fileID: 0}
  m_PrefabInstance: {fileID: 0}
  m_PrefabAsset: {fileID: 0}
  serializedVersion: 6
  m_Component:
  - component: {fileID: 1351731733140775671}
  - component: {fileID: 2547981700417452829}
  - component: {fileID: 649571017992092743}
  m_Layer: 0
  m_Name: Hat16
  m_TagString: Untagged
  m_Icon: {fileID: 0}
  m_NavMeshLayer: 0
  m_StaticEditorFlags: 0
  m_IsActive: 1
--- !u!4 &1351731733140775671
Transform:
  m_ObjectHideFlags: 0
  m_CorrespondingSourceObject: {fileID: 0}
  m_PrefabInstance: {fileID: 0}
  m_PrefabAsset: {fileID: 0}
  m_GameObject: {fileID: 2565673483191340896}
  m_LocalRotation: {x: -0.5, y: 0.5, z: -0.5, w: 0.5}
  m_LocalPosition: {x: 0, y: 1.9133139, z: -0.00019907951}
  m_LocalScale: {x: 1, y: 1, z: 1}
  m_Children: []
  m_Father: {fileID: 2309618763682093216}
  m_RootOrder: 0
  m_LocalEulerAnglesHint: {x: 0, y: 0, z: 0}
--- !u!33 &2547981700417452829
MeshFilter:
  m_ObjectHideFlags: 0
  m_CorrespondingSourceObject: {fileID: 0}
  m_PrefabInstance: {fileID: 0}
  m_PrefabAsset: {fileID: 0}
  m_GameObject: {fileID: 2565673483191340896}
  m_Mesh: {fileID: -2153779550561457093, guid: 7e6fcf30eabcaec43bb46e1d611f9df5, type: 3}
--- !u!23 &649571017992092743
MeshRenderer:
  m_ObjectHideFlags: 0
  m_CorrespondingSourceObject: {fileID: 0}
  m_PrefabInstance: {fileID: 0}
  m_PrefabAsset: {fileID: 0}
  m_GameObject: {fileID: 2565673483191340896}
  m_Enabled: 1
  m_CastShadows: 1
  m_ReceiveShadows: 1
  m_DynamicOccludee: 1
  m_MotionVectors: 1
  m_LightProbeUsage: 1
  m_ReflectionProbeUsage: 1
  m_RayTracingMode: 2
  m_RayTraceProcedural: 0
  m_RenderingLayerMask: 1
  m_RendererPriority: 0
  m_Materials:
  - {fileID: 2100000, guid: f5fb83cc0815eec429d8e3c27094e525, type: 2}
  m_StaticBatchInfo:
    firstSubMesh: 0
    subMeshCount: 0
  m_StaticBatchRoot: {fileID: 0}
  m_ProbeAnchor: {fileID: 0}
  m_LightProbeVolumeOverride: {fileID: 0}
  m_ScaleInLightmap: 1
  m_ReceiveGI: 1
  m_PreserveUVs: 0
  m_IgnoreNormalsForChartDetection: 0
  m_ImportantGI: 0
  m_StitchLightmapSeams: 1
  m_SelectedEditorRenderState: 3
  m_MinimumChartSize: 4
  m_AutoUVMaxDistance: 0.5
  m_AutoUVMaxAngle: 89
  m_LightmapParameters: {fileID: 0}
  m_SortingLayerID: 0
  m_SortingLayer: 0
  m_SortingOrder: 0
  m_AdditionalVertexStreams: {fileID: 0}
--- !u!1 &2773171768493483766
GameObject:
  m_ObjectHideFlags: 0
  m_CorrespondingSourceObject: {fileID: 0}
  m_PrefabInstance: {fileID: 0}
  m_PrefabAsset: {fileID: 0}
  serializedVersion: 6
  m_Component:
  - component: {fileID: 8688547499917678767}
  m_Layer: 0
  m_Name: drill_l
  m_TagString: Untagged
  m_Icon: {fileID: 0}
  m_NavMeshLayer: 0
  m_StaticEditorFlags: 0
  m_IsActive: 1
--- !u!4 &8688547499917678767
Transform:
  m_ObjectHideFlags: 0
  m_CorrespondingSourceObject: {fileID: 0}
  m_PrefabInstance: {fileID: 0}
  m_PrefabAsset: {fileID: 0}
  m_GameObject: {fileID: 2773171768493483766}
  m_LocalRotation: {x: 0.70580983, y: -0.0022091598, z: 0.0003184791, w: 0.7083978}
  m_LocalPosition: {x: -0.11008295, y: -0.009449474, z: 0.0006042766}
  m_LocalScale: {x: 1, y: 1, z: 1}
  m_Children: []
  m_Father: {fileID: 2052913860401462827}
  m_RootOrder: 0
  m_LocalEulerAnglesHint: {x: 0, y: 0, z: 0}
--- !u!1 &2852759116872044722
GameObject:
  m_ObjectHideFlags: 0
  m_CorrespondingSourceObject: {fileID: 0}
  m_PrefabInstance: {fileID: 0}
  m_PrefabAsset: {fileID: 0}
  serializedVersion: 6
  m_Component:
  - component: {fileID: 689793790198034577}
  m_Layer: 0
  m_Name: thigh_r
  m_TagString: Untagged
  m_Icon: {fileID: 0}
  m_NavMeshLayer: 0
  m_StaticEditorFlags: 0
  m_IsActive: 1
--- !u!4 &689793790198034577
Transform:
  m_ObjectHideFlags: 0
  m_CorrespondingSourceObject: {fileID: 0}
  m_PrefabInstance: {fileID: 0}
  m_PrefabAsset: {fileID: 0}
  m_GameObject: {fileID: 2852759116872044722}
  m_LocalRotation: {x: -0.031930987, y: 0.077209614, z: 0.98761743, w: 0.13278146}
  m_LocalPosition: {x: 0.022657752, y: -0.0018067972, z: 0.17085}
  m_LocalScale: {x: 1, y: 1, z: 1}
  m_Children:
  - {fileID: 39504357936037218}
  m_Father: {fileID: 3222073263537053119}
  m_RootOrder: 3
  m_LocalEulerAnglesHint: {x: 0, y: 0, z: 0}
--- !u!1 &3013317595735553924
GameObject:
  m_ObjectHideFlags: 0
  m_CorrespondingSourceObject: {fileID: 0}
  m_PrefabInstance: {fileID: 0}
  m_PrefabAsset: {fileID: 0}
  serializedVersion: 6
  m_Component:
  - component: {fileID: 3305116215574626037}
  - component: {fileID: 307927174260842738}
  m_Layer: 0
  m_Name: Eye11
  m_TagString: Untagged
  m_Icon: {fileID: 0}
  m_NavMeshLayer: 0
  m_StaticEditorFlags: 0
  m_IsActive: 1
--- !u!4 &3305116215574626037
Transform:
  m_ObjectHideFlags: 0
  m_CorrespondingSourceObject: {fileID: 0}
  m_PrefabInstance: {fileID: 0}
  m_PrefabAsset: {fileID: 0}
  m_GameObject: {fileID: 3013317595735553924}
  m_LocalRotation: {x: 0, y: -0, z: -0, w: 1}
  m_LocalPosition: {x: -0, y: 0, z: 0}
  m_LocalScale: {x: 1, y: 1, z: 1}
  m_Children: []
  m_Father: {fileID: 8995346417155944950}
  m_RootOrder: 0
  m_LocalEulerAnglesHint: {x: 0, y: 0, z: 0}
--- !u!137 &307927174260842738
SkinnedMeshRenderer:
  m_ObjectHideFlags: 0
  m_CorrespondingSourceObject: {fileID: 0}
  m_PrefabInstance: {fileID: 0}
  m_PrefabAsset: {fileID: 0}
  m_GameObject: {fileID: 3013317595735553924}
  m_Enabled: 1
  m_CastShadows: 1
  m_ReceiveShadows: 1
  m_DynamicOccludee: 1
  m_MotionVectors: 1
  m_LightProbeUsage: 1
  m_ReflectionProbeUsage: 1
  m_RayTracingMode: 0
  m_RayTraceProcedural: 0
  m_RenderingLayerMask: 1
  m_RendererPriority: 0
  m_Materials:
  - {fileID: 2100000, guid: f5fb83cc0815eec429d8e3c27094e525, type: 2}
  m_StaticBatchInfo:
    firstSubMesh: 0
    subMeshCount: 0
  m_StaticBatchRoot: {fileID: 0}
  m_ProbeAnchor: {fileID: 0}
  m_LightProbeVolumeOverride: {fileID: 0}
  m_ScaleInLightmap: 1
  m_ReceiveGI: 1
  m_PreserveUVs: 0
  m_IgnoreNormalsForChartDetection: 0
  m_ImportantGI: 0
  m_StitchLightmapSeams: 1
  m_SelectedEditorRenderState: 3
  m_MinimumChartSize: 4
  m_AutoUVMaxDistance: 0.5
  m_AutoUVMaxAngle: 89
  m_LightmapParameters: {fileID: 0}
  m_SortingLayerID: 0
  m_SortingLayer: 0
  m_SortingOrder: 0
  serializedVersion: 2
  m_Quality: 0
  m_UpdateWhenOffscreen: 0
  m_SkinnedMotionVectors: 1
  m_Mesh: {fileID: -6452080115079695290, guid: 7e6fcf30eabcaec43bb46e1d611f9df5, type: 3}
  m_Bones:
  - {fileID: 1094945075930656114}
  - {fileID: 3222073263537053119}
  - {fileID: 3116364760658975637}
  - {fileID: 2479325606288910159}
  - {fileID: 7552019263101469472}
  - {fileID: 1056019769375277496}
  - {fileID: 3268179175986090156}
  - {fileID: 6376958755797739224}
  - {fileID: 4050662810483998852}
  - {fileID: 5626358084598679945}
  - {fileID: 4718044707615952325}
  - {fileID: 1535732277813666424}
  - {fileID: 6469889539294937477}
  - {fileID: 483251030107688235}
  - {fileID: 7358099532874090612}
  - {fileID: 8304436312811439127}
  - {fileID: 7259951570816112996}
  - {fileID: 5769143620326779332}
  - {fileID: 5237680656366014599}
  - {fileID: 6348771060811804903}
  - {fileID: 6589402894767376324}
  - {fileID: 1335598492061885101}
  - {fileID: 5387552230135320583}
  - {fileID: 308007652137363184}
  - {fileID: 3298521558768724349}
  - {fileID: 7875827778797451805}
  - {fileID: 4086365792485750458}
  - {fileID: 1576282656226459795}
  - {fileID: 2978794693681781908}
  - {fileID: 2052913860401462827}
  - {fileID: 8688547499917678767}
  - {fileID: 8350355314915564920}
  - {fileID: 1542680159098429653}
  - {fileID: 2552928961572783323}
  - {fileID: 7891002057463298052}
  - {fileID: 7103188135263842047}
  - {fileID: 7386127377197022552}
  - {fileID: 7909532746417819961}
  - {fileID: 3252265619256661399}
  - {fileID: 6097331550469517208}
  - {fileID: 2635281173082594652}
  - {fileID: 4503366677419779188}
  - {fileID: 8624911758730639068}
  - {fileID: 1933013900733923700}
  - {fileID: 6320552346462875629}
  - {fileID: 872597634711231593}
  - {fileID: 3718332619743912099}
  - {fileID: 2672508907555956542}
  - {fileID: 1947342804384670195}
  - {fileID: 7490573258843438314}
  - {fileID: 3824826546870274501}
  - {fileID: 689793790198034577}
  - {fileID: 39504357936037218}
  - {fileID: 8464106017061610319}
  - {fileID: 4629423150003304030}
  m_BlendShapeWeights: []
  m_RootBone: {fileID: 1094945075930656114}
  m_AABB:
    m_Center: {x: 0, y: -0.16753714, z: 1.3265339}
    m_Extent: {x: 0.2187107, y: 0.07172324, z: 0.08011973}
  m_DirtyAABB: 0
--- !u!1 &3036512016242116237
GameObject:
  m_ObjectHideFlags: 0
  m_CorrespondingSourceObject: {fileID: 0}
  m_PrefabInstance: {fileID: 0}
  m_PrefabAsset: {fileID: 0}
  serializedVersion: 6
  m_Component:
  - component: {fileID: 2978794693681781908}
  m_Layer: 0
  m_Name: lowerarm_l
  m_TagString: Untagged
  m_Icon: {fileID: 0}
  m_NavMeshLayer: 0
  m_StaticEditorFlags: 0
  m_IsActive: 1
--- !u!4 &2978794693681781908
Transform:
  m_ObjectHideFlags: 0
  m_CorrespondingSourceObject: {fileID: 0}
  m_PrefabInstance: {fileID: 0}
  m_PrefabAsset: {fileID: 0}
  m_GameObject: {fileID: 3036512016242116237}
  m_LocalRotation: {x: 1.485756e-30, y: 5.747986e-29, z: 0.03987671, w: 0.99920464}
  m_LocalPosition: {x: -0.35891947, y: -6.661338e-18, z: -4.2632563e-16}
  m_LocalScale: {x: 1, y: 1, z: 1}
  m_Children:
  - {fileID: 2052913860401462827}
  m_Father: {fileID: 1576282656226459795}
  m_RootOrder: 0
  m_LocalEulerAnglesHint: {x: 0, y: 0, z: 0}
--- !u!1 &3424645948175217386
GameObject:
  m_ObjectHideFlags: 0
  m_CorrespondingSourceObject: {fileID: 0}
  m_PrefabInstance: {fileID: 0}
  m_PrefabAsset: {fileID: 0}
  serializedVersion: 6
  m_Component:
  - component: {fileID: 2309618763682093216}
  m_Layer: 0
  m_Name: Headparts
  m_TagString: Untagged
  m_Icon: {fileID: 0}
  m_NavMeshLayer: 0
  m_StaticEditorFlags: 0
  m_IsActive: 1
--- !u!4 &2309618763682093216
Transform:
  m_ObjectHideFlags: 0
  m_CorrespondingSourceObject: {fileID: 0}
  m_PrefabInstance: {fileID: 0}
  m_PrefabAsset: {fileID: 0}
  m_GameObject: {fileID: 3424645948175217386}
  m_LocalRotation: {x: 0, y: 0, z: 0, w: 1}
  m_LocalPosition: {x: 0, y: 0, z: 0}
  m_LocalScale: {x: 1, y: 1, z: 1}
  m_Children:
  - {fileID: 1351731733140775671}
  m_Father: {fileID: 3830888717151266534}
  m_RootOrder: 6
  m_LocalEulerAnglesHint: {x: 0, y: 0, z: 0}
--- !u!1 &3572108519837625417
GameObject:
  m_ObjectHideFlags: 0
  m_CorrespondingSourceObject: {fileID: 0}
  m_PrefabInstance: {fileID: 0}
  m_PrefabAsset: {fileID: 0}
  serializedVersion: 6
  m_Component:
  - component: {fileID: 872597634711231593}
  m_Layer: 0
  m_Name: foot_l
  m_TagString: Untagged
  m_Icon: {fileID: 0}
  m_NavMeshLayer: 0
  m_StaticEditorFlags: 0
  m_IsActive: 1
--- !u!4 &872597634711231593
Transform:
  m_ObjectHideFlags: 0
  m_CorrespondingSourceObject: {fileID: 0}
  m_PrefabInstance: {fileID: 0}
  m_PrefabAsset: {fileID: 0}
  m_GameObject: {fileID: 3572108519837625417}
  m_LocalRotation: {x: -0.019583104, y: -0.014337628, z: -0.016081654, w: 0.9995761}
  m_LocalPosition: {x: 0.15340362, y: 0.01794422, z: -0.0011433699}
  m_LocalScale: {x: 1, y: 1, z: 1}
  m_Children:
  - {fileID: 3718332619743912099}
  m_Father: {fileID: 6320552346462875629}
  m_RootOrder: 0
  m_LocalEulerAnglesHint: {x: 0, y: 0, z: 0}
--- !u!1 &3978945312921622750
GameObject:
  m_ObjectHideFlags: 0
  m_CorrespondingSourceObject: {fileID: 0}
  m_PrefabInstance: {fileID: 0}
  m_PrefabAsset: {fileID: 0}
  serializedVersion: 6
  m_Component:
  - component: {fileID: 1335598492061885101}
  m_Layer: 0
  m_Name: hornC_01_r
  m_TagString: Untagged
  m_Icon: {fileID: 0}
  m_NavMeshLayer: 0
  m_StaticEditorFlags: 0
  m_IsActive: 1
--- !u!4 &1335598492061885101
Transform:
  m_ObjectHideFlags: 0
  m_CorrespondingSourceObject: {fileID: 0}
  m_PrefabInstance: {fileID: 0}
  m_PrefabAsset: {fileID: 0}
  m_GameObject: {fileID: 3978945312921622750}
  m_LocalRotation: {x: 0.47399396, y: 5.5526276e-16, z: 0.88052815, w: -1.0314995e-15}
  m_LocalPosition: {x: 0.06945347, y: 0.0049800063, z: 0.235986}
  m_LocalScale: {x: 1, y: 1, z: 1}
  m_Children:
  - {fileID: 5387552230135320583}
  m_Father: {fileID: 3268179175986090156}
  m_RootOrder: 7
  m_LocalEulerAnglesHint: {x: 0, y: 0, z: 0}
--- !u!1 &3988095775888585409
GameObject:
  m_ObjectHideFlags: 0
  m_CorrespondingSourceObject: {fileID: 0}
  m_PrefabInstance: {fileID: 0}
  m_PrefabAsset: {fileID: 0}
  serializedVersion: 6
  m_Component:
  - component: {fileID: 7891002057463298052}
  m_Layer: 0
  m_Name: clavicle_r
  m_TagString: Untagged
  m_Icon: {fileID: 0}
  m_NavMeshLayer: 0
  m_StaticEditorFlags: 0
  m_IsActive: 1
--- !u!4 &7891002057463298052
Transform:
  m_ObjectHideFlags: 0
  m_CorrespondingSourceObject: {fileID: 0}
  m_PrefabInstance: {fileID: 0}
  m_PrefabAsset: {fileID: 0}
  m_GameObject: {fileID: 3988095775888585409}
  m_LocalRotation: {x: 0.72198325, y: 0.03173624, z: 0.67331934, w: -0.15612186}
  m_LocalPosition: {x: -0.06351176, y: 0.030065548, z: 0.20842399}
  m_LocalScale: {x: 1, y: 1, z: 1}
  m_Children:
  - {fileID: 7103188135263842047}
  m_Father: {fileID: 7552019263101469472}
  m_RootOrder: 1
  m_LocalEulerAnglesHint: {x: 0, y: 0, z: 0}
--- !u!1 &4053067907423667494
GameObject:
  m_ObjectHideFlags: 0
  m_CorrespondingSourceObject: {fileID: 0}
  m_PrefabInstance: {fileID: 0}
  m_PrefabAsset: {fileID: 0}
  serializedVersion: 6
  m_Component:
  - component: {fileID: 5626358084598679945}
  m_Layer: 0
  m_Name: Jaw
  m_TagString: Untagged
  m_Icon: {fileID: 0}
  m_NavMeshLayer: 0
  m_StaticEditorFlags: 0
  m_IsActive: 1
--- !u!4 &5626358084598679945
Transform:
  m_ObjectHideFlags: 0
  m_CorrespondingSourceObject: {fileID: 0}
  m_PrefabInstance: {fileID: 0}
  m_PrefabAsset: {fileID: 0}
  m_GameObject: {fileID: 4053067907423667494}
  m_LocalRotation: {x: -0, y: -0.7071068, z: 0, w: 0.7071068}
  m_LocalPosition: {x: 0.16025886, y: 0.020835321, z: 1.5729948e-18}
  m_LocalScale: {x: 1, y: 1, z: 1}
  m_Children: []
  m_Father: {fileID: 3268179175986090156}
  m_RootOrder: 8
  m_LocalEulerAnglesHint: {x: 0, y: 0, z: 0}
--- !u!1 &4342639274677374554
GameObject:
  m_ObjectHideFlags: 0
  m_CorrespondingSourceObject: {fileID: 0}
  m_PrefabInstance: {fileID: 0}
  m_PrefabAsset: {fileID: 0}
  serializedVersion: 6
  m_Component:
  - component: {fileID: 2672508907555956542}
  m_Layer: 0
  m_Name: tail_01
  m_TagString: Untagged
  m_Icon: {fileID: 0}
  m_NavMeshLayer: 0
  m_StaticEditorFlags: 0
  m_IsActive: 1
--- !u!4 &2672508907555956542
Transform:
  m_ObjectHideFlags: 0
  m_CorrespondingSourceObject: {fileID: 0}
  m_PrefabInstance: {fileID: 0}
  m_PrefabAsset: {fileID: 0}
  m_GameObject: {fileID: 4342639274677374554}
  m_LocalRotation: {x: -0.3024084, y: 0.95317847, z: 6.7676127e-16, w: -2.7212164e-16}
  m_LocalPosition: {x: -0.030352466, y: 0.25417748, z: 2.7145378e-16}
  m_LocalScale: {x: 1, y: 1, z: 1}
  m_Children:
  - {fileID: 1947342804384670195}
  m_Father: {fileID: 3222073263537053119}
  m_RootOrder: 1
  m_LocalEulerAnglesHint: {x: 0, y: 0, z: 0}
--- !u!1 &4479017033941877909
GameObject:
  m_ObjectHideFlags: 0
  m_CorrespondingSourceObject: {fileID: 0}
  m_PrefabInstance: {fileID: 0}
  m_PrefabAsset: {fileID: 0}
  serializedVersion: 6
  m_Component:
  - component: {fileID: 39504357936037218}
  m_Layer: 0
  m_Name: calf_r
  m_TagString: Untagged
  m_Icon: {fileID: 0}
  m_NavMeshLayer: 0
  m_StaticEditorFlags: 0
  m_IsActive: 1
--- !u!4 &39504357936037218
Transform:
  m_ObjectHideFlags: 0
  m_CorrespondingSourceObject: {fileID: 0}
  m_PrefabInstance: {fileID: 0}
  m_PrefabAsset: {fileID: 0}
  m_GameObject: {fileID: 4479017033941877909}
  m_LocalRotation: {x: -0.05363183, y: 0.00061813387, z: 0.022184182, w: 0.99831414}
  m_LocalPosition: {x: -0.25370672, y: 0.010923714, z: -0.0016354381}
  m_LocalScale: {x: 1, y: 1, z: 1}
  m_Children:
  - {fileID: 8464106017061610319}
  m_Father: {fileID: 689793790198034577}
  m_RootOrder: 0
  m_LocalEulerAnglesHint: {x: 0, y: 0, z: 0}
--- !u!1 &4495116145110170716
GameObject:
  m_ObjectHideFlags: 0
  m_CorrespondingSourceObject: {fileID: 0}
  m_PrefabInstance: {fileID: 0}
  m_PrefabAsset: {fileID: 0}
  serializedVersion: 6
  m_Component:
  - component: {fileID: 3830888717151266534}
  - component: {fileID: 3648115263472484389}
  m_Layer: 0
  m_Name: P02
  m_TagString: Untagged
  m_Icon: {fileID: 0}
  m_NavMeshLayer: 0
  m_StaticEditorFlags: 0
  m_IsActive: 1
--- !u!4 &3830888717151266534
Transform:
  m_ObjectHideFlags: 0
  m_CorrespondingSourceObject: {fileID: 0}
  m_PrefabInstance: {fileID: 0}
  m_PrefabAsset: {fileID: 0}
  m_GameObject: {fileID: 4495116145110170716}
  m_LocalRotation: {x: 0, y: 0, z: 0, w: 1}
  m_LocalPosition: {x: 0, y: 0, z: 0}
  m_LocalScale: {x: 1, y: 1, z: 1}
  m_Children:
  - {fileID: 1094945075930656114}
  - {fileID: 7777251309985532130}
  - {fileID: 4320017817322615033}
  - {fileID: 8995346417155944950}
  - {fileID: 1578067485271544655}
  - {fileID: 6876981213659720275}
  - {fileID: 2309618763682093216}
  - {fileID: 8453331075398817239}
  m_Father: {fileID: 0}
  m_RootOrder: 0
  m_LocalEulerAnglesHint: {x: 0, y: 0, z: 0}
--- !u!95 &3648115263472484389
Animator:
  serializedVersion: 3
  m_ObjectHideFlags: 0
  m_CorrespondingSourceObject: {fileID: 0}
  m_PrefabInstance: {fileID: 0}
  m_PrefabAsset: {fileID: 0}
  m_GameObject: {fileID: 4495116145110170716}
  m_Enabled: 1
  m_Avatar: {fileID: 9000000, guid: eeebdeb8be91e0e43ae9170c2d8e4279, type: 3}
  m_Controller: {fileID: 9100000, guid: f5e71d2eda3d6cc40857811c187df502, type: 2}
  m_CullingMode: 1
  m_UpdateMode: 0
  m_ApplyRootMotion: 1
  m_LinearVelocityBlending: 0
  m_WarningMessage: 
  m_HasTransformHierarchy: 1
  m_AllowConstantClipSamplingOptimization: 1
  m_KeepAnimatorControllerStateOnDisable: 0
--- !u!1 &4809892867491294816
GameObject:
  m_ObjectHideFlags: 0
  m_CorrespondingSourceObject: {fileID: 0}
  m_PrefabInstance: {fileID: 0}
  m_PrefabAsset: {fileID: 0}
  serializedVersion: 6
  m_Component:
  - component: {fileID: 2052913860401462827}
  m_Layer: 0
  m_Name: hand_l
  m_TagString: Untagged
  m_Icon: {fileID: 0}
  m_NavMeshLayer: 0
  m_StaticEditorFlags: 0
  m_IsActive: 1
--- !u!4 &2052913860401462827
Transform:
  m_ObjectHideFlags: 0
  m_CorrespondingSourceObject: {fileID: 0}
  m_PrefabInstance: {fileID: 0}
  m_PrefabAsset: {fileID: 0}
  m_GameObject: {fileID: 4809892867491294816}
  m_LocalRotation: {x: -0.7056592, y: 0.014749782, z: -0.0129053835, w: 0.7082804}
  m_LocalPosition: {x: -0.40930396, y: -2.842171e-16, z: 2.2737367e-15}
  m_LocalScale: {x: 1, y: 1, z: 1}
  m_Children:
  - {fileID: 8688547499917678767}
  - {fileID: 2552928961572783323}
  - {fileID: 8350355314915564920}
  - {fileID: 1542680159098429653}
  m_Father: {fileID: 2978794693681781908}
  m_RootOrder: 0
  m_LocalEulerAnglesHint: {x: 0, y: 0, z: 0}
--- !u!1 &4878595769661967488
GameObject:
  m_ObjectHideFlags: 0
  m_CorrespondingSourceObject: {fileID: 0}
  m_PrefabInstance: {fileID: 0}
  m_PrefabAsset: {fileID: 0}
  serializedVersion: 6
  m_Component:
  - component: {fileID: 4050662810483998852}
  m_Layer: 0
  m_Name: mouth
  m_TagString: Untagged
  m_Icon: {fileID: 0}
  m_NavMeshLayer: 0
  m_StaticEditorFlags: 0
  m_IsActive: 1
--- !u!4 &4050662810483998852
Transform:
  m_ObjectHideFlags: 0
  m_CorrespondingSourceObject: {fileID: 0}
  m_PrefabInstance: {fileID: 0}
  m_PrefabAsset: {fileID: 0}
  m_GameObject: {fileID: 4878595769661967488}
  m_LocalRotation: {x: 0.5415089, y: 0.45471767, z: 0.5415089, w: -0.45471767}
  m_LocalPosition: {x: -0.1039998, y: -0.006094659, z: -1.09662166e-16}
  m_LocalScale: {x: 1, y: 1, z: 1}
  m_Children: []
  m_Father: {fileID: 6376958755797739224}
  m_RootOrder: 0
  m_LocalEulerAnglesHint: {x: 0, y: 0, z: 0}
--- !u!1 &4888372732711463422
GameObject:
  m_ObjectHideFlags: 0
  m_CorrespondingSourceObject: {fileID: 0}
  m_PrefabInstance: {fileID: 0}
  m_PrefabAsset: {fileID: 0}
  serializedVersion: 6
  m_Component:
  - component: {fileID: 6876981213659720275}
  m_Layer: 0
  m_Name: MouthandNoses
  m_TagString: Untagged
  m_Icon: {fileID: 0}
  m_NavMeshLayer: 0
  m_StaticEditorFlags: 0
  m_IsActive: 1
--- !u!4 &6876981213659720275
Transform:
  m_ObjectHideFlags: 0
  m_CorrespondingSourceObject: {fileID: 0}
  m_PrefabInstance: {fileID: 0}
  m_PrefabAsset: {fileID: 0}
  m_GameObject: {fileID: 4888372732711463422}
  m_LocalRotation: {x: -0.7071068, y: 0, z: -0, w: 0.7071068}
  m_LocalPosition: {x: -0, y: 0, z: 0}
  m_LocalScale: {x: 1, y: 1, z: 1}
  m_Children:
  - {fileID: 5810790628097928485}
  m_Father: {fileID: 3830888717151266534}
  m_RootOrder: 5
  m_LocalEulerAnglesHint: {x: 0, y: 0, z: 0}
--- !u!1 &4909348273821624775
GameObject:
  m_ObjectHideFlags: 0
  m_CorrespondingSourceObject: {fileID: 0}
  m_PrefabInstance: {fileID: 0}
  m_PrefabAsset: {fileID: 0}
  serializedVersion: 6
  m_Component:
  - component: {fileID: 7777251309985532130}
  m_Layer: 0
  m_Name: Bodies
  m_TagString: Untagged
  m_Icon: {fileID: 0}
  m_NavMeshLayer: 0
  m_StaticEditorFlags: 0
  m_IsActive: 1
--- !u!4 &7777251309985532130
Transform:
  m_ObjectHideFlags: 0
  m_CorrespondingSourceObject: {fileID: 0}
  m_PrefabInstance: {fileID: 0}
  m_PrefabAsset: {fileID: 0}
  m_GameObject: {fileID: 4909348273821624775}
  m_LocalRotation: {x: -0.7071068, y: 0, z: -0, w: 0.7071068}
  m_LocalPosition: {x: -0, y: 0, z: 0}
  m_LocalScale: {x: 1, y: 1, z: 1}
  m_Children:
  - {fileID: 5717415495862358401}
  m_Father: {fileID: 3830888717151266534}
  m_RootOrder: 1
  m_LocalEulerAnglesHint: {x: 0, y: 0, z: 0}
--- !u!1 &4928573256485147309
GameObject:
  m_ObjectHideFlags: 0
  m_CorrespondingSourceObject: {fileID: 0}
  m_PrefabInstance: {fileID: 0}
  m_PrefabAsset: {fileID: 0}
  serializedVersion: 6
  m_Component:
  - component: {fileID: 3298521558768724349}
  m_Layer: 0
  m_Name: hornB_02_r
  m_TagString: Untagged
  m_Icon: {fileID: 0}
  m_NavMeshLayer: 0
  m_StaticEditorFlags: 0
  m_IsActive: 1
--- !u!4 &3298521558768724349
Transform:
  m_ObjectHideFlags: 0
  m_CorrespondingSourceObject: {fileID: 0}
  m_PrefabInstance: {fileID: 0}
  m_PrefabAsset: {fileID: 0}
  m_GameObject: {fileID: 4928573256485147309}
  m_LocalRotation: {x: 0, y: 0.43467525, z: -0, w: 0.9005873}
  m_LocalPosition: {x: 0.21829534, y: -0.0000002822668, z: -0.0000019725908}
  m_LocalScale: {x: 1, y: 1, z: 1}
  m_Children:
  - {fileID: 7875827778797451805}
  m_Father: {fileID: 308007652137363184}
  m_RootOrder: 0
  m_LocalEulerAnglesHint: {x: 0, y: 0, z: 0}
--- !u!1 &4987931594678566615
GameObject:
  m_ObjectHideFlags: 0
  m_CorrespondingSourceObject: {fileID: 0}
  m_PrefabInstance: {fileID: 0}
  m_PrefabAsset: {fileID: 0}
  serializedVersion: 6
  m_Component:
  - component: {fileID: 7909532746417819961}
  m_Layer: 0
  m_Name: hand_r
  m_TagString: Untagged
  m_Icon: {fileID: 0}
  m_NavMeshLayer: 0
  m_StaticEditorFlags: 0
  m_IsActive: 1
--- !u!4 &7909532746417819961
Transform:
  m_ObjectHideFlags: 0
  m_CorrespondingSourceObject: {fileID: 0}
  m_PrefabInstance: {fileID: 0}
  m_PrefabAsset: {fileID: 0}
  m_GameObject: {fileID: 4987931594678566615}
  m_LocalRotation: {x: -0.7056592, y: 0.014749782, z: -0.0129053835, w: 0.7082804}
  m_LocalPosition: {x: 0.40930742, y: 4.440892e-18, z: -7.1054274e-15}
  m_LocalScale: {x: 1, y: 1, z: 1}
  m_Children:
  - {fileID: 3252265619256661399}
  - {fileID: 4503366677419779188}
  - {fileID: 6097331550469517208}
  - {fileID: 2635281173082594652}
  m_Father: {fileID: 7386127377197022552}
  m_RootOrder: 0
  m_LocalEulerAnglesHint: {x: 0, y: 0, z: 0}
--- !u!1 &5246804821062287519
GameObject:
  m_ObjectHideFlags: 0
  m_CorrespondingSourceObject: {fileID: 0}
  m_PrefabInstance: {fileID: 0}
  m_PrefabAsset: {fileID: 0}
  serializedVersion: 6
  m_Component:
  - component: {fileID: 1576282656226459795}
  m_Layer: 0
  m_Name: upperarm_l
  m_TagString: Untagged
  m_Icon: {fileID: 0}
  m_NavMeshLayer: 0
  m_StaticEditorFlags: 0
  m_IsActive: 1
--- !u!4 &1576282656226459795
Transform:
  m_ObjectHideFlags: 0
  m_CorrespondingSourceObject: {fileID: 0}
  m_PrefabInstance: {fileID: 0}
  m_PrefabAsset: {fileID: 0}
  m_GameObject: {fileID: 5246804821062287519}
  m_LocalRotation: {x: 0.0015542243, y: 0.022218248, z: -0.11379966, w: 0.993254}
  m_LocalPosition: {x: -0.1541595, y: -2.664535e-16, z: -2.131628e-15}
  m_LocalScale: {x: 1, y: 1, z: 1}
  m_Children:
  - {fileID: 2978794693681781908}
  m_Father: {fileID: 4086365792485750458}
  m_RootOrder: 0
  m_LocalEulerAnglesHint: {x: 0, y: 0, z: 0}
--- !u!1 &5363751805084811286
GameObject:
  m_ObjectHideFlags: 0
  m_CorrespondingSourceObject: {fileID: 0}
  m_PrefabInstance: {fileID: 0}
  m_PrefabAsset: {fileID: 0}
  serializedVersion: 6
  m_Component:
  - component: {fileID: 8350355314915564920}
  m_Layer: 0
  m_Name: saw_l
  m_TagString: Untagged
  m_Icon: {fileID: 0}
  m_NavMeshLayer: 0
  m_StaticEditorFlags: 0
  m_IsActive: 1
--- !u!4 &8350355314915564920
Transform:
  m_ObjectHideFlags: 0
  m_CorrespondingSourceObject: {fileID: 0}
  m_PrefabInstance: {fileID: 0}
  m_PrefabAsset: {fileID: 0}
  m_GameObject: {fileID: 5363751805084811286}
  m_LocalRotation: {x: 0.70580983, y: -0.0022091598, z: 0.0003184791, w: 0.7083978}
  m_LocalPosition: {x: -0.13957767, y: -0.0022430373, z: 0.00047288262}
  m_LocalScale: {x: 1, y: 1, z: 1}
  m_Children: []
  m_Father: {fileID: 2052913860401462827}
  m_RootOrder: 2
  m_LocalEulerAnglesHint: {x: 0, y: 0, z: 0}
--- !u!1 &5619112437983139523
GameObject:
  m_ObjectHideFlags: 0
  m_CorrespondingSourceObject: {fileID: 0}
  m_PrefabInstance: {fileID: 0}
  m_PrefabAsset: {fileID: 0}
  serializedVersion: 6
  m_Component:
  - component: {fileID: 4320017817322615033}
  m_Layer: 0
  m_Name: Bodyparts
  m_TagString: Untagged
  m_Icon: {fileID: 0}
  m_NavMeshLayer: 0
  m_StaticEditorFlags: 0
  m_IsActive: 1
--- !u!4 &4320017817322615033
Transform:
  m_ObjectHideFlags: 0
  m_CorrespondingSourceObject: {fileID: 0}
  m_PrefabInstance: {fileID: 0}
  m_PrefabAsset: {fileID: 0}
  m_GameObject: {fileID: 5619112437983139523}
  m_LocalRotation: {x: -0.7071068, y: 0, z: -0, w: 0.7071068}
  m_LocalPosition: {x: -0, y: 0, z: 0}
  m_LocalScale: {x: 1, y: 1, z: 1}
  m_Children:
  - {fileID: 826393740810716050}
  m_Father: {fileID: 3830888717151266534}
  m_RootOrder: 2
  m_LocalEulerAnglesHint: {x: 0, y: 0, z: 0}
--- !u!1 &5834904255345156327
GameObject:
  m_ObjectHideFlags: 0
  m_CorrespondingSourceObject: {fileID: 0}
  m_PrefabInstance: {fileID: 0}
  m_PrefabAsset: {fileID: 0}
  serializedVersion: 6
  m_Component:
  - component: {fileID: 5769143620326779332}
  m_Layer: 0
  m_Name: hornC_01_l
  m_TagString: Untagged
  m_Icon: {fileID: 0}
  m_NavMeshLayer: 0
  m_StaticEditorFlags: 0
  m_IsActive: 1
--- !u!4 &5769143620326779332
Transform:
  m_ObjectHideFlags: 0
  m_CorrespondingSourceObject: {fileID: 0}
  m_PrefabInstance: {fileID: 0}
  m_PrefabAsset: {fileID: 0}
  m_GameObject: {fileID: 5834904255345156327}
  m_LocalRotation: {x: 0, y: -0.47399396, z: -0, w: 0.88052815}
  m_LocalPosition: {x: 0.06945152, y: 0.0049800063, z: -0.2359865}
  m_LocalScale: {x: 1, y: 1, z: 1}
  m_Children:
  - {fileID: 5237680656366014599}
  m_Father: {fileID: 3268179175986090156}
  m_RootOrder: 6
  m_LocalEulerAnglesHint: {x: 0, y: 0, z: 0}
--- !u!1 &5866817894004937347
GameObject:
  m_ObjectHideFlags: 0
  m_CorrespondingSourceObject: {fileID: 0}
  m_PrefabInstance: {fileID: 0}
  m_PrefabAsset: {fileID: 0}
  serializedVersion: 6
  m_Component:
  - component: {fileID: 8453331075398817239}
  m_Layer: 0
  m_Name: Tails
  m_TagString: Untagged
  m_Icon: {fileID: 0}
  m_NavMeshLayer: 0
  m_StaticEditorFlags: 0
  m_IsActive: 1
--- !u!4 &8453331075398817239
Transform:
  m_ObjectHideFlags: 0
  m_CorrespondingSourceObject: {fileID: 0}
  m_PrefabInstance: {fileID: 0}
  m_PrefabAsset: {fileID: 0}
  m_GameObject: {fileID: 5866817894004937347}
  m_LocalRotation: {x: -0.7071068, y: 0, z: -0, w: 0.7071068}
  m_LocalPosition: {x: -0, y: 0, z: 0}
  m_LocalScale: {x: 1, y: 1, z: 1}
  m_Children:
  - {fileID: 7907785850467562397}
  m_Father: {fileID: 3830888717151266534}
  m_RootOrder: 7
  m_LocalEulerAnglesHint: {x: 0, y: 0, z: 0}
--- !u!1 &6129010155496363754
GameObject:
  m_ObjectHideFlags: 0
  m_CorrespondingSourceObject: {fileID: 0}
  m_PrefabInstance: {fileID: 0}
  m_PrefabAsset: {fileID: 0}
  serializedVersion: 6
  m_Component:
  - component: {fileID: 2479325606288910159}
  m_Layer: 0
  m_Name: spine_02
  m_TagString: Untagged
  m_Icon: {fileID: 0}
  m_NavMeshLayer: 0
  m_StaticEditorFlags: 0
  m_IsActive: 1
--- !u!4 &2479325606288910159
Transform:
  m_ObjectHideFlags: 0
  m_CorrespondingSourceObject: {fileID: 0}
  m_PrefabInstance: {fileID: 0}
  m_PrefabAsset: {fileID: 0}
  m_GameObject: {fileID: 6129010155496363754}
  m_LocalRotation: {x: 6.142407e-17, y: 1.655707e-16, z: -0.0765332, w: 0.99706703}
  m_LocalPosition: {x: -0.15357347, y: -3.6637358e-17, z: 4.178964e-17}
  m_LocalScale: {x: 1, y: 1, z: 1}
  m_Children:
  - {fileID: 7552019263101469472}
  m_Father: {fileID: 3116364760658975637}
  m_RootOrder: 1
  m_LocalEulerAnglesHint: {x: 0, y: 0, z: 0}
--- !u!1 &6150505130977516250
GameObject:
  m_ObjectHideFlags: 0
  m_CorrespondingSourceObject: {fileID: 0}
  m_PrefabInstance: {fileID: 0}
  m_PrefabAsset: {fileID: 0}
  serializedVersion: 6
  m_Component:
  - component: {fileID: 7103188135263842047}
  m_Layer: 0
  m_Name: upperarm_r
  m_TagString: Untagged
  m_Icon: {fileID: 0}
  m_NavMeshLayer: 0
  m_StaticEditorFlags: 0
  m_IsActive: 1
--- !u!4 &7103188135263842047
Transform:
  m_ObjectHideFlags: 0
  m_CorrespondingSourceObject: {fileID: 0}
  m_PrefabInstance: {fileID: 0}
  m_PrefabAsset: {fileID: 0}
  m_GameObject: {fileID: 6150505130977516250}
  m_LocalRotation: {x: 0.0015542243, y: 0.022218248, z: -0.11379966, w: 0.993254}
  m_LocalPosition: {x: 0.15415917, y: 0.00000004352324, z: 0}
  m_LocalScale: {x: 1, y: 1, z: 1}
  m_Children:
  - {fileID: 7386127377197022552}
  m_Father: {fileID: 7891002057463298052}
  m_RootOrder: 0
  m_LocalEulerAnglesHint: {x: 0, y: 0, z: 0}
--- !u!1 &6398843882211736223
GameObject:
  m_ObjectHideFlags: 0
  m_CorrespondingSourceObject: {fileID: 0}
  m_PrefabInstance: {fileID: 0}
  m_PrefabAsset: {fileID: 0}
  serializedVersion: 6
  m_Component:
  - component: {fileID: 6589402894767376324}
  m_Layer: 0
  m_Name: hornA_02_r
  m_TagString: Untagged
  m_Icon: {fileID: 0}
  m_NavMeshLayer: 0
  m_StaticEditorFlags: 0
  m_IsActive: 1
--- !u!4 &6589402894767376324
Transform:
  m_ObjectHideFlags: 0
  m_CorrespondingSourceObject: {fileID: 0}
  m_PrefabInstance: {fileID: 0}
  m_PrefabAsset: {fileID: 0}
  m_GameObject: {fileID: 6398843882211736223}
  m_LocalRotation: {x: 0, y: -0.5431475, z: -0, w: 0.8396373}
  m_LocalPosition: {x: 0.67569244, y: 0.000000046456332, z: 0.000001032785}
  m_LocalScale: {x: 1, y: 1, z: 1}
  m_Children: []
  m_Father: {fileID: 6348771060811804903}
  m_RootOrder: 0
  m_LocalEulerAnglesHint: {x: 0, y: 0, z: 0}
--- !u!1 &6641918849681726597
GameObject:
  m_ObjectHideFlags: 0
  m_CorrespondingSourceObject: {fileID: 0}
  m_PrefabInstance: {fileID: 0}
  m_PrefabAsset: {fileID: 0}
  serializedVersion: 6
  m_Component:
  - component: {fileID: 4086365792485750458}
  m_Layer: 0
  m_Name: clavicle_l
  m_TagString: Untagged
  m_Icon: {fileID: 0}
  m_NavMeshLayer: 0
  m_StaticEditorFlags: 0
  m_IsActive: 1
--- !u!4 &4086365792485750458
Transform:
  m_ObjectHideFlags: 0
  m_CorrespondingSourceObject: {fileID: 0}
  m_PrefabInstance: {fileID: 0}
  m_PrefabAsset: {fileID: 0}
  m_GameObject: {fileID: 6641918849681726597}
  m_LocalRotation: {x: 0.03173624, y: -0.72198325, z: 0.15612186, w: 0.67331934}
  m_LocalPosition: {x: -0.063511945, y: 0.030065516, z: -0.20842351}
  m_LocalScale: {x: 1, y: 1, z: 1}
  m_Children:
  - {fileID: 1576282656226459795}
  m_Father: {fileID: 7552019263101469472}
  m_RootOrder: 0
  m_LocalEulerAnglesHint: {x: 0, y: 0, z: 0}
--- !u!1 &6768586135912623717
GameObject:
  m_ObjectHideFlags: 0
  m_CorrespondingSourceObject: {fileID: 0}
  m_PrefabInstance: {fileID: 0}
  m_PrefabAsset: {fileID: 0}
  serializedVersion: 6
  m_Component:
  - component: {fileID: 6522974180828452158}
  - component: {fileID: 5912347802756790827}
  m_Layer: 0
  m_Name: Glove04
  m_TagString: Untagged
  m_Icon: {fileID: 0}
  m_NavMeshLayer: 0
  m_StaticEditorFlags: 0
  m_IsActive: 1
--- !u!4 &6522974180828452158
Transform:
  m_ObjectHideFlags: 0
  m_CorrespondingSourceObject: {fileID: 0}
  m_PrefabInstance: {fileID: 0}
  m_PrefabAsset: {fileID: 0}
  m_GameObject: {fileID: 6768586135912623717}
  m_LocalRotation: {x: 0, y: -0, z: -0, w: 1}
  m_LocalPosition: {x: -0, y: 0, z: 0}
  m_LocalScale: {x: 1, y: 1, z: 1}
  m_Children: []
  m_Father: {fileID: 1578067485271544655}
  m_RootOrder: 0
  m_LocalEulerAnglesHint: {x: 0, y: 0, z: 0}
--- !u!137 &5912347802756790827
SkinnedMeshRenderer:
  m_ObjectHideFlags: 0
  m_CorrespondingSourceObject: {fileID: 0}
  m_PrefabInstance: {fileID: 0}
  m_PrefabAsset: {fileID: 0}
  m_GameObject: {fileID: 6768586135912623717}
  m_Enabled: 1
  m_CastShadows: 1
  m_ReceiveShadows: 1
  m_DynamicOccludee: 1
  m_MotionVectors: 1
  m_LightProbeUsage: 1
  m_ReflectionProbeUsage: 1
  m_RayTracingMode: 0
  m_RayTraceProcedural: 0
  m_RenderingLayerMask: 1
  m_RendererPriority: 0
  m_Materials:
  - {fileID: 2100000, guid: f5fb83cc0815eec429d8e3c27094e525, type: 2}
  m_StaticBatchInfo:
    firstSubMesh: 0
    subMeshCount: 0
  m_StaticBatchRoot: {fileID: 0}
  m_ProbeAnchor: {fileID: 0}
  m_LightProbeVolumeOverride: {fileID: 0}
  m_ScaleInLightmap: 1
  m_ReceiveGI: 1
  m_PreserveUVs: 0
  m_IgnoreNormalsForChartDetection: 0
  m_ImportantGI: 0
  m_StitchLightmapSeams: 1
  m_SelectedEditorRenderState: 3
  m_MinimumChartSize: 4
  m_AutoUVMaxDistance: 0.5
  m_AutoUVMaxAngle: 89
  m_LightmapParameters: {fileID: 0}
  m_SortingLayerID: 0
  m_SortingLayer: 0
  m_SortingOrder: 0
  serializedVersion: 2
  m_Quality: 0
  m_UpdateWhenOffscreen: 0
  m_SkinnedMotionVectors: 1
  m_Mesh: {fileID: 8370766433143243068, guid: 7e6fcf30eabcaec43bb46e1d611f9df5, type: 3}
  m_Bones:
  - {fileID: 1094945075930656114}
  - {fileID: 3222073263537053119}
  - {fileID: 3116364760658975637}
  - {fileID: 2479325606288910159}
  - {fileID: 7552019263101469472}
  - {fileID: 1056019769375277496}
  - {fileID: 3268179175986090156}
  - {fileID: 6376958755797739224}
  - {fileID: 4050662810483998852}
  - {fileID: 5626358084598679945}
  - {fileID: 4718044707615952325}
  - {fileID: 1535732277813666424}
  - {fileID: 6469889539294937477}
  - {fileID: 483251030107688235}
  - {fileID: 7358099532874090612}
  - {fileID: 8304436312811439127}
  - {fileID: 7259951570816112996}
  - {fileID: 5769143620326779332}
  - {fileID: 5237680656366014599}
  - {fileID: 6348771060811804903}
  - {fileID: 6589402894767376324}
  - {fileID: 1335598492061885101}
  - {fileID: 5387552230135320583}
  - {fileID: 308007652137363184}
  - {fileID: 3298521558768724349}
  - {fileID: 7875827778797451805}
  - {fileID: 4086365792485750458}
  - {fileID: 1576282656226459795}
  - {fileID: 2978794693681781908}
  - {fileID: 2052913860401462827}
  - {fileID: 8688547499917678767}
  - {fileID: 8350355314915564920}
  - {fileID: 1542680159098429653}
  - {fileID: 2552928961572783323}
  - {fileID: 7891002057463298052}
  - {fileID: 7103188135263842047}
  - {fileID: 7386127377197022552}
  - {fileID: 7909532746417819961}
  - {fileID: 3252265619256661399}
  - {fileID: 6097331550469517208}
  - {fileID: 2635281173082594652}
  - {fileID: 4503366677419779188}
  - {fileID: 8624911758730639068}
  - {fileID: 1933013900733923700}
  - {fileID: 6320552346462875629}
  - {fileID: 872597634711231593}
  - {fileID: 3718332619743912099}
  - {fileID: 2672508907555956542}
  - {fileID: 1947342804384670195}
  - {fileID: 7490573258843438314}
  - {fileID: 3824826546870274501}
  - {fileID: 689793790198034577}
  - {fileID: 39504357936037218}
  - {fileID: 8464106017061610319}
  - {fileID: 4629423150003304030}
  m_BlendShapeWeights: []
  m_RootBone: {fileID: 1094945075930656114}
  m_AABB:
    m_Center: {x: -0.00000011920929, y: 0.0030858219, z: 0.9630588}
    m_Extent: {x: 1.5608062, y: 0.3793363, z: 0.38387188}
  m_DirtyAABB: 0
--- !u!1 &7299046195378176504
GameObject:
  m_ObjectHideFlags: 0
  m_CorrespondingSourceObject: {fileID: 0}
  m_PrefabInstance: {fileID: 0}
  m_PrefabAsset: {fileID: 0}
  serializedVersion: 6
  m_Component:
  - component: {fileID: 1535732277813666424}
  m_Layer: 0
  m_Name: hat_02
  m_TagString: Untagged
  m_Icon: {fileID: 0}
  m_NavMeshLayer: 0
  m_StaticEditorFlags: 0
  m_IsActive: 1
--- !u!4 &1535732277813666424
Transform:
  m_ObjectHideFlags: 0
  m_CorrespondingSourceObject: {fileID: 0}
  m_PrefabInstance: {fileID: 0}
  m_PrefabAsset: {fileID: 0}
  m_GameObject: {fileID: 7299046195378176504}
  m_LocalRotation: {x: 0.004463791, y: -0.7070927, z: 0.004463791, w: 0.7070927}
  m_LocalPosition: {x: -0.6819025, y: -0.00860988, z: 7.8409694e-17}
  m_LocalScale: {x: 1, y: 1, z: 1}
  m_Children: []
  m_Father: {fileID: 4718044707615952325}
  m_RootOrder: 0
  m_LocalEulerAnglesHint: {x: 0, y: 0, z: 0}
--- !u!1 &7377746758620405100
GameObject:
  m_ObjectHideFlags: 0
  m_CorrespondingSourceObject: {fileID: 0}
  m_PrefabInstance: {fileID: 0}
  m_PrefabAsset: {fileID: 0}
  serializedVersion: 6
  m_Component:
  - component: {fileID: 7875827778797451805}
  m_Layer: 0
  m_Name: hornB_03_r
  m_TagString: Untagged
  m_Icon: {fileID: 0}
  m_NavMeshLayer: 0
  m_StaticEditorFlags: 0
  m_IsActive: 1
--- !u!4 &7875827778797451805
Transform:
  m_ObjectHideFlags: 0
  m_CorrespondingSourceObject: {fileID: 0}
  m_PrefabInstance: {fileID: 0}
  m_PrefabAsset: {fileID: 0}
  m_GameObject: {fileID: 7377746758620405100}
  m_LocalRotation: {x: 2.3129124e-18, y: -0.7257409, z: -2.3129124e-18, w: 0.6879682}
  m_LocalPosition: {x: 0.29144114, y: 0.00000043365793, z: -0.00000014326524}
  m_LocalScale: {x: 1, y: 1, z: 1}
  m_Children: []
  m_Father: {fileID: 3298521558768724349}
  m_RootOrder: 0
  m_LocalEulerAnglesHint: {x: 0, y: 0, z: 0}
--- !u!1 &7448881927579048830
GameObject:
  m_ObjectHideFlags: 0
  m_CorrespondingSourceObject: {fileID: 0}
  m_PrefabInstance: {fileID: 0}
  m_PrefabAsset: {fileID: 0}
  serializedVersion: 6
  m_Component:
  - component: {fileID: 6097331550469517208}
  m_Layer: 0
  m_Name: saw_r
  m_TagString: Untagged
  m_Icon: {fileID: 0}
  m_NavMeshLayer: 0
  m_StaticEditorFlags: 0
  m_IsActive: 1
--- !u!4 &6097331550469517208
Transform:
  m_ObjectHideFlags: 0
  m_CorrespondingSourceObject: {fileID: 0}
  m_PrefabInstance: {fileID: 0}
  m_PrefabAsset: {fileID: 0}
  m_GameObject: {fileID: 7448881927579048830}
  m_LocalRotation: {x: 0.70580983, y: -0.0022091598, z: 0.0003184791, w: 0.7083978}
  m_LocalPosition: {x: 0.13957906, y: 0.0022421728, z: -0.00047287406}
  m_LocalScale: {x: 1, y: 1, z: 1}
  m_Children: []
  m_Father: {fileID: 7909532746417819961}
  m_RootOrder: 2
  m_LocalEulerAnglesHint: {x: 0, y: 0, z: 0}
--- !u!1 &7535116185063369785
GameObject:
  m_ObjectHideFlags: 0
  m_CorrespondingSourceObject: {fileID: 0}
  m_PrefabInstance: {fileID: 0}
  m_PrefabAsset: {fileID: 0}
  serializedVersion: 6
  m_Component:
  - component: {fileID: 3252265619256661399}
  m_Layer: 0
  m_Name: drill_r
  m_TagString: Untagged
  m_Icon: {fileID: 0}
  m_NavMeshLayer: 0
  m_StaticEditorFlags: 0
  m_IsActive: 1
--- !u!4 &3252265619256661399
Transform:
  m_ObjectHideFlags: 0
  m_CorrespondingSourceObject: {fileID: 0}
  m_PrefabInstance: {fileID: 0}
  m_PrefabAsset: {fileID: 0}
  m_GameObject: {fileID: 7535116185063369785}
  m_LocalRotation: {x: 0.70580983, y: -0.0022091598, z: 0.0003184791, w: 0.7083978}
  m_LocalPosition: {x: 0.110078454, y: 0.009448838, z: -0.0006042899}
  m_LocalScale: {x: 1, y: 1, z: 1}
  m_Children: []
  m_Father: {fileID: 7909532746417819961}
  m_RootOrder: 0
  m_LocalEulerAnglesHint: {x: 0, y: 0, z: 0}
--- !u!1 &7599697891494638747
GameObject:
  m_ObjectHideFlags: 0
  m_CorrespondingSourceObject: {fileID: 0}
  m_PrefabInstance: {fileID: 0}
  m_PrefabAsset: {fileID: 0}
  serializedVersion: 6
  m_Component:
  - component: {fileID: 4718044707615952325}
  m_Layer: 0
  m_Name: hat_01
  m_TagString: Untagged
  m_Icon: {fileID: 0}
  m_NavMeshLayer: 0
  m_StaticEditorFlags: 0
  m_IsActive: 1
--- !u!4 &4718044707615952325
Transform:
  m_ObjectHideFlags: 0
  m_CorrespondingSourceObject: {fileID: 0}
  m_PrefabInstance: {fileID: 0}
  m_PrefabAsset: {fileID: 0}
  m_GameObject: {fileID: 7599697891494638747}
  m_LocalRotation: {x: 0, y: 0, z: -0.006312754, w: 0.9999801}
  m_LocalPosition: {x: -0.18918252, y: 0.0049800063, z: 1.1443254e-16}
  m_LocalScale: {x: 1, y: 1, z: 1}
  m_Children:
  - {fileID: 1535732277813666424}
  m_Father: {fileID: 3268179175986090156}
  m_RootOrder: 1
  m_LocalEulerAnglesHint: {x: 0, y: 0, z: 0}
--- !u!1 &7760215175660214535
GameObject:
  m_ObjectHideFlags: 0
  m_CorrespondingSourceObject: {fileID: 0}
  m_PrefabInstance: {fileID: 0}
  m_PrefabAsset: {fileID: 0}
  serializedVersion: 6
  m_Component:
  - component: {fileID: 6376958755797739224}
  m_Layer: 0
  m_Name: face
  m_TagString: Untagged
  m_Icon: {fileID: 0}
  m_NavMeshLayer: 0
  m_StaticEditorFlags: 0
  m_IsActive: 1
--- !u!4 &6376958755797739224
Transform:
  m_ObjectHideFlags: 0
  m_CorrespondingSourceObject: {fileID: 0}
  m_PrefabInstance: {fileID: 0}
  m_PrefabAsset: {fileID: 0}
  m_GameObject: {fileID: 7760215175660214535}
  m_LocalRotation: {x: 0, y: 0, z: 0.76580924, w: 0.6430679}
  m_LocalPosition: {x: 0.11468992, y: -0.11381889, z: -1.1558126e-16}
  m_LocalScale: {x: 1, y: 1, z: 1}
  m_Children:
  - {fileID: 4050662810483998852}
  m_Father: {fileID: 3268179175986090156}
  m_RootOrder: 0
  m_LocalEulerAnglesHint: {x: 0, y: 0, z: 0}
--- !u!1 &7771726154967859562
GameObject:
  m_ObjectHideFlags: 0
  m_CorrespondingSourceObject: {fileID: 0}
  m_PrefabInstance: {fileID: 0}
  m_PrefabAsset: {fileID: 0}
  serializedVersion: 6
  m_Component:
  - component: {fileID: 826393740810716050}
  - component: {fileID: 1981164287120032335}
  m_Layer: 0
  m_Name: Bodypart08
  m_TagString: Untagged
  m_Icon: {fileID: 0}
  m_NavMeshLayer: 0
  m_StaticEditorFlags: 0
  m_IsActive: 1
--- !u!4 &826393740810716050
Transform:
  m_ObjectHideFlags: 0
  m_CorrespondingSourceObject: {fileID: 0}
  m_PrefabInstance: {fileID: 0}
  m_PrefabAsset: {fileID: 0}
  m_GameObject: {fileID: 7771726154967859562}
  m_LocalRotation: {x: 0, y: -0, z: -0, w: 1}
  m_LocalPosition: {x: -0, y: 0, z: 0}
  m_LocalScale: {x: 1, y: 1, z: 1}
  m_Children: []
  m_Father: {fileID: 4320017817322615033}
  m_RootOrder: 0
  m_LocalEulerAnglesHint: {x: 0, y: 0, z: 0}
--- !u!137 &1981164287120032335
SkinnedMeshRenderer:
  m_ObjectHideFlags: 0
  m_CorrespondingSourceObject: {fileID: 0}
  m_PrefabInstance: {fileID: 0}
  m_PrefabAsset: {fileID: 0}
  m_GameObject: {fileID: 7771726154967859562}
  m_Enabled: 1
  m_CastShadows: 1
  m_ReceiveShadows: 1
  m_DynamicOccludee: 1
  m_MotionVectors: 1
  m_LightProbeUsage: 1
  m_ReflectionProbeUsage: 1
  m_RayTracingMode: 0
  m_RayTraceProcedural: 0
  m_RenderingLayerMask: 1
  m_RendererPriority: 0
  m_Materials:
  - {fileID: 2100000, guid: f5fb83cc0815eec429d8e3c27094e525, type: 2}
  m_StaticBatchInfo:
    firstSubMesh: 0
    subMeshCount: 0
  m_StaticBatchRoot: {fileID: 0}
  m_ProbeAnchor: {fileID: 0}
  m_LightProbeVolumeOverride: {fileID: 0}
  m_ScaleInLightmap: 1
  m_ReceiveGI: 1
  m_PreserveUVs: 0
  m_IgnoreNormalsForChartDetection: 0
  m_ImportantGI: 0
  m_StitchLightmapSeams: 1
  m_SelectedEditorRenderState: 3
  m_MinimumChartSize: 4
  m_AutoUVMaxDistance: 0.5
  m_AutoUVMaxAngle: 89
  m_LightmapParameters: {fileID: 0}
  m_SortingLayerID: 0
  m_SortingLayer: 0
  m_SortingOrder: 0
  serializedVersion: 2
  m_Quality: 0
  m_UpdateWhenOffscreen: 0
  m_SkinnedMotionVectors: 1
  m_Mesh: {fileID: -8999309739244066695, guid: 7e6fcf30eabcaec43bb46e1d611f9df5, type: 3}
  m_Bones:
  - {fileID: 1094945075930656114}
  - {fileID: 3222073263537053119}
  - {fileID: 3116364760658975637}
  - {fileID: 2479325606288910159}
  - {fileID: 7552019263101469472}
  - {fileID: 1056019769375277496}
  - {fileID: 3268179175986090156}
  - {fileID: 6376958755797739224}
  - {fileID: 4050662810483998852}
  - {fileID: 5626358084598679945}
  - {fileID: 4718044707615952325}
  - {fileID: 1535732277813666424}
  - {fileID: 6469889539294937477}
  - {fileID: 483251030107688235}
  - {fileID: 7358099532874090612}
  - {fileID: 8304436312811439127}
  - {fileID: 7259951570816112996}
  - {fileID: 5769143620326779332}
  - {fileID: 5237680656366014599}
  - {fileID: 6348771060811804903}
  - {fileID: 6589402894767376324}
  - {fileID: 1335598492061885101}
  - {fileID: 5387552230135320583}
  - {fileID: 308007652137363184}
  - {fileID: 3298521558768724349}
  - {fileID: 7875827778797451805}
  - {fileID: 4086365792485750458}
  - {fileID: 1576282656226459795}
  - {fileID: 2978794693681781908}
  - {fileID: 2052913860401462827}
  - {fileID: 8688547499917678767}
  - {fileID: 8350355314915564920}
  - {fileID: 1542680159098429653}
  - {fileID: 2552928961572783323}
  - {fileID: 7891002057463298052}
  - {fileID: 7103188135263842047}
  - {fileID: 7386127377197022552}
  - {fileID: 7909532746417819961}
  - {fileID: 3252265619256661399}
  - {fileID: 6097331550469517208}
  - {fileID: 2635281173082594652}
  - {fileID: 4503366677419779188}
  - {fileID: 8624911758730639068}
  - {fileID: 1933013900733923700}
  - {fileID: 6320552346462875629}
  - {fileID: 872597634711231593}
  - {fileID: 3718332619743912099}
  - {fileID: 2672508907555956542}
  - {fileID: 1947342804384670195}
  - {fileID: 7490573258843438314}
  - {fileID: 3824826546870274501}
  - {fileID: 689793790198034577}
  - {fileID: 39504357936037218}
  - {fileID: 8464106017061610319}
  - {fileID: 4629423150003304030}
  m_BlendShapeWeights: []
  m_RootBone: {fileID: 1094945075930656114}
  m_AABB:
    m_Center: {x: -0.000000014901161, y: -0.38878524, z: 0.6995373}
    m_Extent: {x: 0.22454894, y: 0.17813039, z: 0.24182624}
  m_DirtyAABB: 0
--- !u!1 &7981735513518666395
GameObject:
  m_ObjectHideFlags: 0
  m_CorrespondingSourceObject: {fileID: 0}
  m_PrefabInstance: {fileID: 0}
  m_PrefabAsset: {fileID: 0}
  serializedVersion: 6
  m_Component:
  - component: {fileID: 8995346417155944950}
  m_Layer: 0
  m_Name: Eyes
  m_TagString: Untagged
  m_Icon: {fileID: 0}
  m_NavMeshLayer: 0
  m_StaticEditorFlags: 0
  m_IsActive: 1
--- !u!4 &8995346417155944950
Transform:
  m_ObjectHideFlags: 0
  m_CorrespondingSourceObject: {fileID: 0}
  m_PrefabInstance: {fileID: 0}
  m_PrefabAsset: {fileID: 0}
  m_GameObject: {fileID: 7981735513518666395}
  m_LocalRotation: {x: -0.7071068, y: 0, z: -0, w: 0.7071068}
  m_LocalPosition: {x: -0, y: 0, z: 0}
  m_LocalScale: {x: 1, y: 1, z: 1}
  m_Children:
  - {fileID: 3305116215574626037}
  m_Father: {fileID: 3830888717151266534}
  m_RootOrder: 3
  m_LocalEulerAnglesHint: {x: 0, y: 0, z: 0}
--- !u!1 &7989402278192642353
GameObject:
  m_ObjectHideFlags: 0
  m_CorrespondingSourceObject: {fileID: 0}
  m_PrefabInstance: {fileID: 0}
  m_PrefabAsset: {fileID: 0}
  serializedVersion: 6
  m_Component:
  - component: {fileID: 1056019769375277496}
  m_Layer: 0
  m_Name: neck_01
  m_TagString: Untagged
  m_Icon: {fileID: 0}
  m_NavMeshLayer: 0
  m_StaticEditorFlags: 0
  m_IsActive: 1
--- !u!4 &1056019769375277496
Transform:
  m_ObjectHideFlags: 0
  m_CorrespondingSourceObject: {fileID: 0}
  m_PrefabInstance: {fileID: 0}
  m_PrefabAsset: {fileID: 0}
  m_GameObject: {fileID: 7989402278192642353}
  m_LocalRotation: {x: -2.7535306e-17, y: -3.897205e-18, z: 0.20162798, w: 0.9794622}
  m_LocalPosition: {x: -0.20905116, y: 1.7763567e-16, z: 1.0606601e-16}
  m_LocalScale: {x: 1, y: 1, z: 1}
  m_Children:
  - {fileID: 3268179175986090156}
  m_Father: {fileID: 7552019263101469472}
  m_RootOrder: 2
  m_LocalEulerAnglesHint: {x: 0, y: 0, z: 0}
--- !u!1 &8070171868325240352
GameObject:
  m_ObjectHideFlags: 0
  m_CorrespondingSourceObject: {fileID: 0}
  m_PrefabInstance: {fileID: 0}
  m_PrefabAsset: {fileID: 0}
  serializedVersion: 6
  m_Component:
  - component: {fileID: 1578067485271544655}
  m_Layer: 0
  m_Name: Gloves
  m_TagString: Untagged
  m_Icon: {fileID: 0}
  m_NavMeshLayer: 0
  m_StaticEditorFlags: 0
  m_IsActive: 1
--- !u!4 &1578067485271544655
Transform:
  m_ObjectHideFlags: 0
  m_CorrespondingSourceObject: {fileID: 0}
  m_PrefabInstance: {fileID: 0}
  m_PrefabAsset: {fileID: 0}
  m_GameObject: {fileID: 8070171868325240352}
  m_LocalRotation: {x: -0.7071068, y: 0, z: -0, w: 0.7071068}
  m_LocalPosition: {x: -0, y: 0, z: 0}
  m_LocalScale: {x: 1, y: 1, z: 1}
  m_Children:
  - {fileID: 6522974180828452158}
  m_Father: {fileID: 3830888717151266534}
  m_RootOrder: 4
  m_LocalEulerAnglesHint: {x: 0, y: 0, z: 0}
--- !u!1 &8077042664393234384
GameObject:
  m_ObjectHideFlags: 0
  m_CorrespondingSourceObject: {fileID: 0}
  m_PrefabInstance: {fileID: 0}
  m_PrefabAsset: {fileID: 0}
  serializedVersion: 6
  m_Component:
  - component: {fileID: 1542680159098429653}
  m_Layer: 0
  m_Name: upperJaw_l
  m_TagString: Untagged
  m_Icon: {fileID: 0}
  m_NavMeshLayer: 0
  m_StaticEditorFlags: 0
  m_IsActive: 1
--- !u!4 &1542680159098429653
Transform:
  m_ObjectHideFlags: 0
  m_CorrespondingSourceObject: {fileID: 0}
  m_PrefabInstance: {fileID: 0}
  m_PrefabAsset: {fileID: 0}
  m_GameObject: {fileID: 8077042664393234384}
  m_LocalRotation: {x: 0.70580983, y: -0.0022091598, z: 0.0003184791, w: 0.7083978}
  m_LocalPosition: {x: -0.24131815, y: -0.13323142, z: 0.0005894331}
  m_LocalScale: {x: 1, y: 1, z: 1}
  m_Children: []
  m_Father: {fileID: 2052913860401462827}
  m_RootOrder: 3
  m_LocalEulerAnglesHint: {x: 0, y: 0, z: 0}
--- !u!1 &8087043905572567431
GameObject:
  m_ObjectHideFlags: 0
  m_CorrespondingSourceObject: {fileID: 0}
  m_PrefabInstance: {fileID: 0}
  m_PrefabAsset: {fileID: 0}
  serializedVersion: 6
  m_Component:
  - component: {fileID: 8624911758730639068}
  m_Layer: 0
  m_Name: FrontBelly
  m_TagString: Untagged
  m_Icon: {fileID: 0}
  m_NavMeshLayer: 0
  m_StaticEditorFlags: 0
  m_IsActive: 1
--- !u!4 &8624911758730639068
Transform:
  m_ObjectHideFlags: 0
  m_CorrespondingSourceObject: {fileID: 0}
  m_PrefabInstance: {fileID: 0}
  m_PrefabAsset: {fileID: 0}
  m_GameObject: {fileID: 8087043905572567431}
  m_LocalRotation: {x: -0.015762473, y: -0.7069311, z: -0.015762473, w: 0.7069311}
  m_LocalPosition: {x: 0.004094967, y: -0.27914742, z: -2.8367557e-16}
  m_LocalScale: {x: 1, y: 1, z: 1}
  m_Children: []
  m_Father: {fileID: 3116364760658975637}
  m_RootOrder: 0
  m_LocalEulerAnglesHint: {x: 0, y: 0, z: 0}
--- !u!1 &8160897411543469578
GameObject:
  m_ObjectHideFlags: 0
  m_CorrespondingSourceObject: {fileID: 0}
  m_PrefabInstance: {fileID: 0}
  m_PrefabAsset: {fileID: 0}
  serializedVersion: 6
  m_Component:
  - component: {fileID: 5387552230135320583}
  m_Layer: 0
  m_Name: hornC_02_r
  m_TagString: Untagged
  m_Icon: {fileID: 0}
  m_NavMeshLayer: 0
  m_StaticEditorFlags: 0
  m_IsActive: 1
--- !u!4 &5387552230135320583
Transform:
  m_ObjectHideFlags: 0
  m_CorrespondingSourceObject: {fileID: 0}
  m_PrefabInstance: {fileID: 0}
  m_PrefabAsset: {fileID: 0}
  m_GameObject: {fileID: 8160897411543469578}
  m_LocalRotation: {x: 0, y: -0.28746313, z: -0, w: 0.95779175}
  m_LocalPosition: {x: 0.35611197, y: 3.100587e-17, z: -0.0000042392044}
  m_LocalScale: {x: 1, y: 1, z: 1}
  m_Children: []
  m_Father: {fileID: 1335598492061885101}
  m_RootOrder: 0
  m_LocalEulerAnglesHint: {x: 0, y: 0, z: 0}
--- !u!1 &8396642906968298965
GameObject:
  m_ObjectHideFlags: 0
  m_CorrespondingSourceObject: {fileID: 0}
  m_PrefabInstance: {fileID: 0}
  m_PrefabAsset: {fileID: 0}
  serializedVersion: 6
  m_Component:
  - component: {fileID: 8464106017061610319}
  m_Layer: 0
  m_Name: foot_r
  m_TagString: Untagged
  m_Icon: {fileID: 0}
  m_NavMeshLayer: 0
  m_StaticEditorFlags: 0
  m_IsActive: 1
--- !u!4 &8464106017061610319
Transform:
  m_ObjectHideFlags: 0
  m_CorrespondingSourceObject: {fileID: 0}
  m_PrefabInstance: {fileID: 0}
  m_PrefabAsset: {fileID: 0}
  m_GameObject: {fileID: 8396642906968298965}
  m_LocalRotation: {x: -0.019574154, y: -0.01433758, z: -0.016081778, w: 0.9995763}
  m_LocalPosition: {x: -0.15340334, y: -0.017944258, z: 0.001143231}
  m_LocalScale: {x: 1, y: 1, z: 1}
  m_Children:
  - {fileID: 4629423150003304030}
  m_Father: {fileID: 39504357936037218}
  m_RootOrder: 0
  m_LocalEulerAnglesHint: {x: 0, y: 0, z: 0}
--- !u!1 &8435654023506917889
GameObject:
  m_ObjectHideFlags: 0
  m_CorrespondingSourceObject: {fileID: 0}
  m_PrefabInstance: {fileID: 0}
  m_PrefabAsset: {fileID: 0}
  serializedVersion: 6
  m_Component:
  - component: {fileID: 308007652137363184}
  m_Layer: 0
  m_Name: hornB_01_r
  m_TagString: Untagged
  m_Icon: {fileID: 0}
  m_NavMeshLayer: 0
  m_StaticEditorFlags: 0
  m_IsActive: 1
--- !u!4 &308007652137363184
Transform:
  m_ObjectHideFlags: 0
  m_CorrespondingSourceObject: {fileID: 0}
  m_PrefabInstance: {fileID: 0}
  m_PrefabAsset: {fileID: 0}
  m_GameObject: {fileID: 8435654023506917889}
  m_LocalRotation: {x: 0.40998435, y: 0.019879602, z: 0.9108058, w: -0.044163775}
  m_LocalPosition: {x: -0.016146528, y: 0.0049800063, z: 0.207973}
  m_LocalScale: {x: 1, y: 1, z: 1}
  m_Children:
  - {fileID: 3298521558768724349}
  m_Father: {fileID: 3268179175986090156}
  m_RootOrder: 5
  m_LocalEulerAnglesHint: {x: 0, y: 0, z: 0}
--- !u!1 &8653674601888414687
GameObject:
  m_ObjectHideFlags: 0
  m_CorrespondingSourceObject: {fileID: 0}
  m_PrefabInstance: {fileID: 0}
  m_PrefabAsset: {fileID: 0}
  serializedVersion: 6
  m_Component:
  - component: {fileID: 7907785850467562397}
  - component: {fileID: 3819890933184912388}
  m_Layer: 0
  m_Name: Tail06
  m_TagString: Untagged
  m_Icon: {fileID: 0}
  m_NavMeshLayer: 0
  m_StaticEditorFlags: 0
  m_IsActive: 1
--- !u!4 &7907785850467562397
Transform:
  m_ObjectHideFlags: 0
  m_CorrespondingSourceObject: {fileID: 0}
  m_PrefabInstance: {fileID: 0}
  m_PrefabAsset: {fileID: 0}
  m_GameObject: {fileID: 8653674601888414687}
  m_LocalRotation: {x: 0, y: -0, z: -0, w: 1}
  m_LocalPosition: {x: -0, y: 0, z: 0}
  m_LocalScale: {x: 1, y: 1, z: 1}
  m_Children: []
  m_Father: {fileID: 8453331075398817239}
  m_RootOrder: 0
  m_LocalEulerAnglesHint: {x: 0, y: 0, z: 0}
--- !u!137 &3819890933184912388
SkinnedMeshRenderer:
  m_ObjectHideFlags: 0
  m_CorrespondingSourceObject: {fileID: 0}
  m_PrefabInstance: {fileID: 0}
  m_PrefabAsset: {fileID: 0}
  m_GameObject: {fileID: 8653674601888414687}
  m_Enabled: 1
  m_CastShadows: 1
  m_ReceiveShadows: 1
  m_DynamicOccludee: 1
  m_MotionVectors: 1
  m_LightProbeUsage: 1
  m_ReflectionProbeUsage: 1
  m_RayTracingMode: 0
  m_RayTraceProcedural: 0
  m_RenderingLayerMask: 1
  m_RendererPriority: 0
  m_Materials:
  - {fileID: 2100000, guid: f5fb83cc0815eec429d8e3c27094e525, type: 2}
  m_StaticBatchInfo:
    firstSubMesh: 0
    subMeshCount: 0
  m_StaticBatchRoot: {fileID: 0}
  m_ProbeAnchor: {fileID: 0}
  m_LightProbeVolumeOverride: {fileID: 0}
  m_ScaleInLightmap: 1
  m_ReceiveGI: 1
  m_PreserveUVs: 0
  m_IgnoreNormalsForChartDetection: 0
  m_ImportantGI: 0
  m_StitchLightmapSeams: 1
  m_SelectedEditorRenderState: 3
  m_MinimumChartSize: 4
  m_AutoUVMaxDistance: 0.5
  m_AutoUVMaxAngle: 89
  m_LightmapParameters: {fileID: 0}
  m_SortingLayerID: 0
  m_SortingLayer: 0
  m_SortingOrder: 0
  serializedVersion: 2
  m_Quality: 0
  m_UpdateWhenOffscreen: 0
  m_SkinnedMotionVectors: 1
  m_Mesh: {fileID: -4478018820400299011, guid: 7e6fcf30eabcaec43bb46e1d611f9df5, type: 3}
  m_Bones:
  - {fileID: 1094945075930656114}
  - {fileID: 3222073263537053119}
  - {fileID: 3116364760658975637}
  - {fileID: 2479325606288910159}
  - {fileID: 7552019263101469472}
  - {fileID: 1056019769375277496}
  - {fileID: 3268179175986090156}
  - {fileID: 6376958755797739224}
  - {fileID: 4050662810483998852}
  - {fileID: 5626358084598679945}
  - {fileID: 4718044707615952325}
  - {fileID: 1535732277813666424}
  - {fileID: 6469889539294937477}
  - {fileID: 483251030107688235}
  - {fileID: 7358099532874090612}
  - {fileID: 8304436312811439127}
  - {fileID: 7259951570816112996}
  - {fileID: 5769143620326779332}
  - {fileID: 5237680656366014599}
  - {fileID: 6348771060811804903}
  - {fileID: 6589402894767376324}
  - {fileID: 1335598492061885101}
  - {fileID: 5387552230135320583}
  - {fileID: 308007652137363184}
  - {fileID: 3298521558768724349}
  - {fileID: 7875827778797451805}
  - {fileID: 4086365792485750458}
  - {fileID: 1576282656226459795}
  - {fileID: 2978794693681781908}
  - {fileID: 2052913860401462827}
  - {fileID: 8688547499917678767}
  - {fileID: 8350355314915564920}
  - {fileID: 1542680159098429653}
  - {fileID: 2552928961572783323}
  - {fileID: 7891002057463298052}
  - {fileID: 7103188135263842047}
  - {fileID: 7386127377197022552}
  - {fileID: 7909532746417819961}
  - {fileID: 3252265619256661399}
  - {fileID: 6097331550469517208}
  - {fileID: 2635281173082594652}
  - {fileID: 4503366677419779188}
  - {fileID: 8624911758730639068}
  - {fileID: 1933013900733923700}
  - {fileID: 6320552346462875629}
  - {fileID: 872597634711231593}
  - {fileID: 3718332619743912099}
  - {fileID: 2672508907555956542}
  - {fileID: 1947342804384670195}
  - {fileID: 7490573258843438314}
  - {fileID: 3824826546870274501}
  - {fileID: 689793790198034577}
  - {fileID: 39504357936037218}
  - {fileID: 8464106017061610319}
  - {fileID: 4629423150003304030}
  m_BlendShapeWeights: []
  m_RootBone: {fileID: 1094945075930656114}
  m_AABB:
    m_Center: {x: 0.000000029802322, y: 0.74138796, z: 0.30943686}
    m_Extent: {x: 0.21351725, y: 0.58004844, z: 0.451478}
  m_DirtyAABB: 0
--- !u!1 &8662258739305652819
GameObject:
  m_ObjectHideFlags: 0
  m_CorrespondingSourceObject: {fileID: 0}
  m_PrefabInstance: {fileID: 0}
  m_PrefabAsset: {fileID: 0}
  serializedVersion: 6
  m_Component:
  - component: {fileID: 7358099532874090612}
  m_Layer: 0
  m_Name: hornB_01_l
  m_TagString: Untagged
  m_Icon: {fileID: 0}
  m_NavMeshLayer: 0
  m_StaticEditorFlags: 0
  m_IsActive: 1
--- !u!4 &7358099532874090612
Transform:
  m_ObjectHideFlags: 0
  m_CorrespondingSourceObject: {fileID: 0}
  m_PrefabInstance: {fileID: 0}
  m_PrefabAsset: {fileID: 0}
  m_GameObject: {fileID: 8662258739305652819}
  m_LocalRotation: {x: 0.019879602, y: -0.40998435, z: 0.044163775, w: 0.9108058}
  m_LocalPosition: {x: -0.016145382, y: 0.0049800063, z: -0.20797296}
  m_LocalScale: {x: 1, y: 1, z: 1}
  m_Children:
  - {fileID: 8304436312811439127}
  m_Father: {fileID: 3268179175986090156}
  m_RootOrder: 4
  m_LocalEulerAnglesHint: {x: 0, y: 0, z: 0}
--- !u!1 &8676812566079680933
GameObject:
  m_ObjectHideFlags: 0
  m_CorrespondingSourceObject: {fileID: 0}
  m_PrefabInstance: {fileID: 0}
  m_PrefabAsset: {fileID: 0}
  serializedVersion: 6
  m_Component:
  - component: {fileID: 3718332619743912099}
  m_Layer: 0
  m_Name: ball_l
  m_TagString: Untagged
  m_Icon: {fileID: 0}
  m_NavMeshLayer: 0
  m_StaticEditorFlags: 0
  m_IsActive: 1
--- !u!4 &3718332619743912099
Transform:
  m_ObjectHideFlags: 0
  m_CorrespondingSourceObject: {fileID: 0}
  m_PrefabInstance: {fileID: 0}
  m_PrefabAsset: {fileID: 0}
  m_GameObject: {fileID: 8676812566079680933}
  m_LocalRotation: {x: -0.018653171, y: -0.018653171, z: 0.7068607, w: 0.7068607}
  m_LocalPosition: {x: 0.018659662, y: -0.08321956, z: 0.0010733596}
  m_LocalScale: {x: 1, y: 1, z: 1}
  m_Children: []
  m_Father: {fileID: 872597634711231593}
  m_RootOrder: 0
  m_LocalEulerAnglesHint: {x: 0, y: 0, z: 0}
--- !u!1 &8761505930010718091
GameObject:
  m_ObjectHideFlags: 0
  m_CorrespondingSourceObject: {fileID: 0}
  m_PrefabInstance: {fileID: 0}
  m_PrefabAsset: {fileID: 0}
  serializedVersion: 6
  m_Component:
  - component: {fileID: 5717415495862358401}
  - component: {fileID: 8334061507369786564}
  m_Layer: 0
  m_Name: MainBody03
  m_TagString: Untagged
  m_Icon: {fileID: 0}
  m_NavMeshLayer: 0
  m_StaticEditorFlags: 0
  m_IsActive: 1
--- !u!4 &5717415495862358401
Transform:
  m_ObjectHideFlags: 0
  m_CorrespondingSourceObject: {fileID: 0}
  m_PrefabInstance: {fileID: 0}
  m_PrefabAsset: {fileID: 0}
  m_GameObject: {fileID: 8761505930010718091}
  m_LocalRotation: {x: 0, y: -0, z: -0, w: 1}
  m_LocalPosition: {x: -0, y: 0, z: 0}
  m_LocalScale: {x: 1, y: 1, z: 1}
  m_Children: []
  m_Father: {fileID: 7777251309985532130}
  m_RootOrder: 0
  m_LocalEulerAnglesHint: {x: 0, y: 0, z: 0}
--- !u!137 &8334061507369786564
SkinnedMeshRenderer:
  m_ObjectHideFlags: 0
  m_CorrespondingSourceObject: {fileID: 0}
  m_PrefabInstance: {fileID: 0}
  m_PrefabAsset: {fileID: 0}
  m_GameObject: {fileID: 8761505930010718091}
  m_Enabled: 1
  m_CastShadows: 1
  m_ReceiveShadows: 1
  m_DynamicOccludee: 1
  m_MotionVectors: 1
  m_LightProbeUsage: 1
  m_ReflectionProbeUsage: 1
  m_RayTracingMode: 0
  m_RayTraceProcedural: 0
  m_RenderingLayerMask: 1
  m_RendererPriority: 0
  m_Materials:
  - {fileID: 2100000, guid: f5fb83cc0815eec429d8e3c27094e525, type: 2}
  m_StaticBatchInfo:
    firstSubMesh: 0
    subMeshCount: 0
  m_StaticBatchRoot: {fileID: 0}
  m_ProbeAnchor: {fileID: 0}
  m_LightProbeVolumeOverride: {fileID: 0}
  m_ScaleInLightmap: 1
  m_ReceiveGI: 1
  m_PreserveUVs: 0
  m_IgnoreNormalsForChartDetection: 0
  m_ImportantGI: 0
  m_StitchLightmapSeams: 1
  m_SelectedEditorRenderState: 3
  m_MinimumChartSize: 4
  m_AutoUVMaxDistance: 0.5
  m_AutoUVMaxAngle: 89
  m_LightmapParameters: {fileID: 0}
  m_SortingLayerID: 0
  m_SortingLayer: 0
  m_SortingOrder: 0
  serializedVersion: 2
  m_Quality: 0
  m_UpdateWhenOffscreen: 0
  m_SkinnedMotionVectors: 1
  m_Mesh: {fileID: 3556759992563196639, guid: 7e6fcf30eabcaec43bb46e1d611f9df5, type: 3}
  m_Bones:
  - {fileID: 1094945075930656114}
  - {fileID: 3222073263537053119}
  - {fileID: 3116364760658975637}
  - {fileID: 2479325606288910159}
  - {fileID: 7552019263101469472}
  - {fileID: 1056019769375277496}
  - {fileID: 3268179175986090156}
  - {fileID: 6376958755797739224}
  - {fileID: 4050662810483998852}
  - {fileID: 5626358084598679945}
  - {fileID: 4718044707615952325}
  - {fileID: 1535732277813666424}
  - {fileID: 6469889539294937477}
  - {fileID: 483251030107688235}
  - {fileID: 7358099532874090612}
  - {fileID: 8304436312811439127}
  - {fileID: 7259951570816112996}
  - {fileID: 5769143620326779332}
  - {fileID: 5237680656366014599}
  - {fileID: 6348771060811804903}
  - {fileID: 6589402894767376324}
  - {fileID: 1335598492061885101}
  - {fileID: 5387552230135320583}
  - {fileID: 308007652137363184}
  - {fileID: 3298521558768724349}
  - {fileID: 7875827778797451805}
  - {fileID: 4086365792485750458}
  - {fileID: 1576282656226459795}
  - {fileID: 2978794693681781908}
  - {fileID: 2052913860401462827}
  - {fileID: 8688547499917678767}
  - {fileID: 8350355314915564920}
  - {fileID: 1542680159098429653}
  - {fileID: 2552928961572783323}
  - {fileID: 7891002057463298052}
  - {fileID: 7103188135263842047}
  - {fileID: 7386127377197022552}
  - {fileID: 7909532746417819961}
  - {fileID: 3252265619256661399}
  - {fileID: 6097331550469517208}
  - {fileID: 2635281173082594652}
  - {fileID: 4503366677419779188}
  - {fileID: 8624911758730639068}
  - {fileID: 1933013900733923700}
  - {fileID: 6320552346462875629}
  - {fileID: 872597634711231593}
  - {fileID: 3718332619743912099}
  - {fileID: 2672508907555956542}
  - {fileID: 1947342804384670195}
  - {fileID: 7490573258843438314}
  - {fileID: 3824826546870274501}
  - {fileID: 689793790198034577}
  - {fileID: 39504357936037218}
  - {fileID: 8464106017061610319}
  - {fileID: 4629423150003304030}
  m_BlendShapeWeights: []
  m_RootBone: {fileID: 1094945075930656114}
  m_AABB:
    m_Center: {x: -0.00000011920929, y: 0.04528922, z: 0.8206737}
    m_Extent: {x: 1.3458344, y: 0.61795, z: 0.8410951}
  m_DirtyAABB: 0
--- !u!1 &9175807824568378291
GameObject:
  m_ObjectHideFlags: 0
  m_CorrespondingSourceObject: {fileID: 0}
  m_PrefabInstance: {fileID: 0}
  m_PrefabAsset: {fileID: 0}
  serializedVersion: 6
  m_Component:
  - component: {fileID: 7490573258843438314}
  m_Layer: 0
  m_Name: tail_03
  m_TagString: Untagged
  m_Icon: {fileID: 0}
  m_NavMeshLayer: 0
  m_StaticEditorFlags: 0
  m_IsActive: 1
--- !u!4 &7490573258843438314
Transform:
  m_ObjectHideFlags: 0
  m_CorrespondingSourceObject: {fileID: 0}
  m_PrefabInstance: {fileID: 0}
  m_PrefabAsset: {fileID: 0}
  m_GameObject: {fileID: 9175807824568378291}
  m_LocalRotation: {x: 0, y: 0, z: -0.09853762, w: 0.99513334}
  m_LocalPosition: {x: -0.30899003, y: 7.105427e-17, z: -7.424184e-17}
  m_LocalScale: {x: 1, y: 1, z: 1}
  m_Children:
  - {fileID: 3824826546870274501}
  m_Father: {fileID: 1947342804384670195}
  m_RootOrder: 0
  m_LocalEulerAnglesHint: {x: 0, y: 0, z: 0}
